3148 5160
502 476 586 534 rans
607 468 659 534 up
682 478 788 568 curva
811 480 853 535 m.
1172 482 1233 544 237

130 644 206 704 tortis
227 643 328 705 cadem
356 645 419 704 iere
447 650 535 724 atque
562 643 675 706 liberae
703 645 886 724 reipublicae
916 651 1137 725 temporetam
1160 664 1233 724 quo·
1277 625 1281 632 ¹

129 762 180 823 que
200 744 334 806 valebant
355 747 504 807 instituta:
530 745 728 808 obveniebaut
750 754 812 807 tum
836 765 955 828 quoque
970 748 1140 826 provinciae
1161 765 1232 826 pro·

129 845 289 912 consulibus
310 849 342 908 in
365 846 499 926 singulos
528 866 623 908 anuos
652 854 682 908 et
704 846 900 919 obveniebant
921 850 1041 918 sortito,
1071 849 1128 908 nisi
1156 848 1233 908 sorte

130 949 196 1024 quis,
219 950 354 1009 cuicum
378 968 435 1028 qua
457 950 610 1028 provincia
639 967 674 1009 ex
703 951 804 1028 priore
835 955 969 1030 tempore
998 949 1181 1013 familiaritas
1205 956 1235 1009 et

128 1050 284 1111 coniunctio
308 1057 380 1121 erat,
405 1057 487 1112 extra
512 1056 622 1112 sortem
647 1049 829 1128 eligebatur,
855 1051 983 1132 exempli
1006 1052 1099 1128 gratia
1121 1051 1154 1110 L.
1178 1051 1233 1110 Fa·

128 1148 188 1210 bius
207 1151 242 1212 M.
267 1152 303 1222 i.,
327 1151 458 1222 Galeria,
483 1151 558 1222 Cilo,
589 1153 639 1232 qui
666 1159 823 1233 postquam
850 1152 965 1232 legatus
991 1154 1048 1213 luit
1066 1154 1104 1218 ,iu
1135 1159 1234 1211 nostra

17 1311 18 1314 ,
126 1253 282 1330 provincia,
311 1255 343 1314 in
373 1253 477 1315 eadem
506 1254 541 1314 ad
568 1253 814 1334 proconsulatum
842 1263 888 1316 est
909 1260 1065 1334 promotus
1089 1253 1128 1334 (n.
1152 1252 1232 1334 654).

17 1377 19 1382 ·
126 1387 165 1398 -
188 1354 297 1416 Deinde
325 1354 372 1415 lex
401 1356 543 1435 Pompeia
569 1355 627 1417 lata
661 1375 739 1416 anuo
773 1375 798 1416 a.
830 1355 882 1417 Cb.
912 1361 966 1427 52,
996 1374 1073 1436 quae
1100 1359 1236 1415 vetuerat

17 1451 19 1526 s
127 1473 295 1536 quemquam
317 1464 386 1517 ante
409 1459 547 1534 quintum
572 1476 607 1517 ex
631 1457 765 1537 deposito
789 1460 961 1536 magistratu
986 1456 1100 1519 urbano
1123 1474 1234 1517 annum

17 1545 18 1622 J
126 1557 297 1634 provinciam
321 1554 503 1637 obtinerc²)‚
534 1577 572 1620 ue
601 1561 659 1622 iam
689 1559 809 1637 quidem
837 1559 925 1621 desiit
948 1558 1054 1620 valere.
1081 1590 1116 1602 -
1148 1557 1234 1626 Tum,

17 1711 19 1720 ,
126 1659 196 1718 sicut
217 1665 315 1729 antea,
344 1660 404 1720 iam
433 1679 552 1740 quoque
581 1661 811 1739 proconsulibus
841 1681 856 1722 a
886 1668 989 1722 senatu
1011 1662 1083 1722 item
1107 1677 1142 1720 ex
1165 1659 1236 1720 viris

127 1762 275 1821 senatoriis
295 1762 391 1837 iisque
415 1767 473 1823 tam
497 1764 672 1840 quaestoriis
689 1781 784 1851 quam
806 1758 1007 1843 praetoriis3),
1038 1778 1112 1839 quos
1139 1761 1235 1820 nomi·

125 1869 260 1938 naverunt
289 1863 346 1940 ipsi
373 1862 584 1941 proconsules,
621 1864 711 1942 legati
744 1862 1125 1925 dabanturconsularibus
1151 1863 1235 1930 trini,

17 1991 19 2034 5
124 1964 277 2039 praetoriis
299 1963 415 2040 singuli,
440 1966 563 2025 comites
586 1966 798 2044 adiutoresque
820 1966 1016 2042 negotiorum,
1042 1963 1148 2040 quibus
1171 1980 1236 2022 eam

125 2063 207 2124 officii
227 2070 343 2144 partem
366 2065 552 2135 mandarent,
576 2069 623 2127 cui
646 2085 705 2128 non
727 2068 788 2147 ipsi
807 2074 929 2145 possent
951 2065 1102 2134 sulficere,
1126 2071 1156 2124 et
1177 2065 1235 2124 iam

17 2173 18 2178 ’
126 2180 236 2246 quoque
257 2164 399 2246 appellati
421 2165 452 2226 bi
475 2174 545 2229 sunt
572 2166 660 2246 legati
682 2187 737 2248 pro
760 2174 914 2247 praetore:
946 2173 1035 2243 atque
1063 2167 1151 2226 etiam
1180 2164 1236 2224 boc

124 2284 226 2330 munus
247 2267 399 2329 interdurn
421 2269 555 2330 videmus
579 2269 615 2329 ad
644 2289 696 2330 eos
718 2269 845 2340 deferri,
875 2270 926 2348 qui
955 2287 989 2328 ex
1019 2276 1178 2347 quaestura
1205 2267 1236 2325 in

17 2405 18 2412 .
125 2368 220 2430 eadem
241 2371 394 2450 provincia
416 2376 499 2448 gesta
522 2372 691 2450 provinciae
712 2390 760 2432 res
777 2378 987 2449 cognoverant,
1011 2370 1095 2430 cuius
1117 2369 1162 2428 rei
1185 2385 1235 2426 ex·

17 2491 18 2562 3
125 2471 248 2550 emplum
273 2478 319 2532 est
341 2477 445 2532 noster
469 2471 502 2543 Q.
521 2471 664 2534 Caecilius
680 2473 712 2545 Q.
731 2474 751 2533 s.
769 2473 907 2534 Arniensi
923 2470 1079 2532 Marcellus
1096 2468 1134 2550 (u.
1153 2467 1234 2548 658).

17 2573 18 2592 ³
124 2573 284 2651 —Neque
307 2574 407 2634 minus
430 2573 486 2635 sub
509 2574 740 2653 imperatoribus
763 2593 882 2653 quoque
911 2582 1085 2652 quaestores
1107 2589 1235 2651 procon-

18 2721 19 2744 2
124 2672 232 2736 sulibns
259 2674 446 2736 addebantur
473 2676 553 2754 iique
585 2678 681 2737 sortiti
704 2682 734 2736 ct
754 2678 825 2755 ipsi,
855 2677 940 2736 cuius
969 2675 1132 2736 sortitionis
1160 2675 1236 2734 ratio

18 2783 19 2786 ’
124 2791 196 2836 anno
219 2795 243 2837 a.
269 2774 322 2838 Cb.
347 2782 367 2843 9
390 2776 648 2838 senatusconsulto
667 2784 712 2837 est
730 2774 879 2857 statuta.⁴)
908 2811 949 2821 -
977 2777 1110 2853 Denique
1138 2773 1236 2854 publi-

123 2895 221 2939 corum
254 2879 483 2956 magistratuum
519 2897 663 2940 numerus
697 2878 745 2959 ab
766 2880 851 2938 initio
887 2879 950 2937 iere
978 2876 1101 2938 secundi
1127 2873 1237 2936 saeculi

123 2986 298 3042 auctusffest
326 2998 452 3041 munere
480 2988 650 3041 curatorum
679 2977 984 3058 rerumpublicarum,
1015 2995 1142 3056 quorum
1172 2976 1235 3035 oili·

18 3113 19 3158 3
122 3081 209 3152 cium,
247 3100 428 3164 quamquam
464 3081 733 3143 extraordinarium
767 3079 985 3158 quodammodo
1020 3084 1099 3147 erat,
1138 3084 1236 3139 tamen

18 3251 19 3254 Ἴ
123 3184 226 3243 summi
249 3184 349 3244 evenit
371 3184 523 3244 momenti,
550 3219 590 3228 -
619 3183 689 3245 Cum
713 3190 813 3244 autem
831 3188 956 3260 pacatae
978 3168 1236 3260 tantum‘provin-

123 3282 179 3344 ciae
209 3286 328 3346 senatui
351 3287 612 3364 permitterentur,
641 3286 773 3345 inermes
803 3289 888 3343 eraut
915 3298 1014 3360 neque
1043 3282 1177 3360 legiones
1205 3282 1237 3341 in

123 3403 168 3446 eas
190 3396 260 3449 sunt
282 3387 409 3456 missae,
435 3386 485 3448 sed
509 3393 624 3448 tantum
641 3386 676 3447 ad
700 3385 921 3446 custodiendam
946 3403 960 3444 a
978 3383 1151 3444 criminibus
1167 3402 1236 3462 pro·

121 3488 242 3550 vinciam
262 3507 389 3568 parvum
410 3496 591 3550 armatorum
608 3487 788 3568 praesidium
805 3485 978 3566 proconsuli
993 3493 1112 3564 praesto
1134 3481 1236 3564 crati),

121 3590 201 3650 cuius
222 3589 366 3670 praesidii
389 3591 569 3651 mentionem
591 3592 621 3651 in
645 3597 746 3650 nostra
770 3607 887 3668 quoque
912 3588 1064 3668 provincia
1087 3585 1173 3647 nobis
1194 3588 1236 3645 vi-

122 3687 223 3753 demur
245 3690 482 3771 deprehendisse
506 3692 582 3773 (app.
608 3710 637 3752 n.
663 3693 745 3771 676).
792 3690 836 3751 uh
864 3691 892 3750 id
921 3691 1019 3770 ipsum
1043 3707 1128 3759 vero,
1158 3687 1237 3768 quod

123 3876 425 3888 m—--a-..ss

184 3982 501 4061 smmmmm

184 4082 218 4146 3)γ
229 4083 272 4132 Ex
292 4085 399 4146 septem
416 4081 520 4147 legalis
538 4079 729 4146 proconsulum
748 4079 906 4144 provinciae
925 4083 1051 4142 nostrae,
1071 4090 1183 4141 quorum
1201 4078 1236 4126 ti·

119 4164 190 4216 tulos
209 4166 346 4217 babemus
366 4162 440 4231 (app.
461 4181 506 4231 pp.
526 4163 692 4228 151—153),
714 4168 845 4228 quattuor,
861 4169 924 4214 sunt
941 4163 995 4214 viri
1012 4161 1156 4230 praetorii,
1180 4165 1236 4212 tres

120 4252 279 4312 quaestorii.

183 4338 213 4398 4)
231 4338 264 4388 L.
285 4339 299 4386 1
320 4337 344 4397 ς.
363 4337 378 4384 2
395 4335 460 4400 Dig.
479 4335 512 4385 de
531 4335 576 4385 off.
596 4338 703 4399 quaest.
723 4331 758 4397 (1,
779 4333 831 4396 13).

185 4421 211 4486 b)
230 4422 263 4471 L.
285 4422 300 4470 *1
318 4422 343 4482 §-
362 4423 375 4470 1
396 4419 460 4486 Dig.
479 4420 511 4470 de
531 4420 576 4470 oti.
595 4434 720 4486 procons.
741 4415 778 4484 (1,
798 4416 850 4481 16).
