3132 5158
359 481 420 544 122
830 481 997 540 snnnvnln.

441 655 501 706 572.
529 649 555 724 a)
571 651 624 708 ‘Au
636 650 734 725 village
745 651 778 708 de
798 649 892 708 l'iuier
994 649 1021 724 b)
1043 649 1097 708 ‘ln
1112 651 1209 724 nllage
1224 650 1258 706 rle
1281 649 1389 722 Voplins
1401 649 1457 726 pris

358 745 435 795 entre
447 735 892 810 Ainetllhamberydausl'eglise
942 737 1071 794 deVivier
1082 753 1130 794 sur
1139 753 1192 792 une
1205 736 1308 809 grande
1323 735 1407 812 pierre
1416 734 1456 790 ‹le-
1543 749 1545 768 ¹

358 840 407 878 sur
421 839 474 935 une
488 821 579 897 pierre
594 822 641 896 qui
653 823 773 880 sentient
788 820 890 879 l'autel.
941 828 1004 878 rant
1018 819 1132 896 l'e'glise.
1155 820 1235 877 Vitli'

339 963 342 972 ,
356 906 424 964 Vidi.

509 1004 639 1066 Viennae
810 1051 814 1059 .
984 1003 1060 1066 lecto
1082 1005 1113 1064 in
1136 1002 1349 1083 amplissimum
1464 1033 1467 1040 .

509 1104 643 1167 ordinem
665 1106 697 1165 in
984 1114 1030 1167 ter
1053 1106 1240 1183 quaestorios
1261 1103 1330 1165 edili

509 1206 606 1268 curuli
627 1225 656 1286 p.
681 1207 695 1267 l
985 1208 1061 1268 etori
1080 1205 1177 1284 legato
1192 1226 1212 1287 p
1234 1219 1279 1268 rv.
1296 1221 1333 1267 vl
1346 1225 1391 1266 mc
1404 1253 1410 1266 .
1425 1251 1454 1266 ..

441 1311 598 1370 Guichenon
614 1329 640 1385 p.
656 1315 698 1367 32.
984 1354 1145 1370 .......
1161 1310 1257 1370 Asiae.

1026 1412 1184 1470 Guicheuou
1198 1433 1226 1488 p.
1242 1417 1284 1469 32.

441 1516 514 1584 Quae
529 1515 583 1572 duo
600 1515 765 1590 fragmenta.
781 1531 945 1589 quamquam
959 1514 1073 1572 diversis
1087 1515 1157 1574 loeis
1172 1523 1281 1590 reperta
1296 1521 1371 1578 sunt,
1386 1529 1457 1590 appa·

356 1609 400 1657 ret
416 1609 504 1658 tamen
519 1608 613 1675 partos
629 1615 690 1657 esse
705 1601 786 1656 unius
802 1599 996 1674 inscriptionis.
1012 1617 1092 1676 quam
1108 1599 1148 1658 sic
1162 1600 1239 1674 lege:

442 1759 806 1778 ...............
837 1715 969 1776 omnibus
990 1715 1150 1778 lomrittas
1173 1712 1177 1798 Ι
1206 1716 1336 1776 Viennae
1354 1687 1456 1788 smnio,
1543 1751 1545 1772 ι

356 1817 467 1880 allecto
489 1818 519 1877 in
545 1815 760 1896 amplissimum
783 1814 788 1898 Ι
812 1816 947 1878 ordinem
968 1818 1046 1879 inter
1069 1818 1265 1898 quaestorios,
1288 1811 1393 1896 aedili!
1413 1832 1456 1875 cu·

355 1919 423 1989 ruli,
448 1918 594 2000 praetori,
618 1917 715 1997 legato
737 1915 813 2000 prio)
838 1918 995 1998 pr(oetore)
1014 1915 1208 1999 proviinciae)
1230 1911 1431 1996 Macedioniae)
1452 1910 1455 1994 Ι

355 2018 473 2103 lemaro)
495 2018 572 2102 prio)
591 2020 756 2102 primiore)
773 2020 968 2101 proviinciae)
991 2021 1086 2082 Asiae.

440 2142 465 2215 c)
490 2142 617 2200 Eiusdem
632 2141 707 2199 tituli
719 2149 824 2216 partem
840 2141 962 2199 continet
978 2142 1095 2199 iortasse
1110 2142 1184 2200 alind
1193 2142 1382 2216 fragmentum.
1395 2137 1457 2213 quod

355 2230 407 2286 hoc
427 2229 508 2286 morlo
529 2228 574 2285 dat
590 2227 748 2285 Guichenon
763 2225 800 2302 (p.
816 2225 874 2300 32):
896 2227 955 2283 ‘Au
976 2227 1073 2301 village
1088 2228 1122 2285 de
1137 2227 1226 2284 Vivier
1240 2244 1275 2284 en
1291 2234 1383 2302 quatre
1396 2225 1456 2295 lrag·

355 2315 457 2370 mens':
781 2353 784 2358 -

607 2405 1228 2492 olrrnrnlnvncroinituim-s

439 2603 498 2655 573.
535 2596 593 2656 ‘liu
613 2597 712 2674 village
733 2599 766 2657 de
795 2599 900 2656 Viator.
932 2599 998 2657 Vidi.
1027 2601 1065 2657 Le
1087 2597 1213 2657 tombeau
1234 2599 1268 2656 de
1284 2599 1317 2656 ll.
1332 2596 1389 2655 Allo
1403 2595 1458 2653 e'tait
1542 2611 1544 2664 j

355 2683 484 2760 compose'
498 2685 531 2742 de
546 2686 615 2742 (leur
630 2685 744 2759 pierres.
760 2685 827 2742 dont
842 2684 915 2742 l'une
930 2692 972 2742 est
987 2702 1020 2742 au
1036 2684 1174 2743 cimetitre
1190 2693 1217 2740 et
1232 2684 1331 2742 l’antre
1346 2699 1378 2739 en
1391 2682 1457 2750 lacon
1543 2691 1544 2698 ¹

355 2772 388 2829 rle
402 2769 483 2845 pilier
498 2785 532 2828 eu
551 2769 624 2826 l'une
640 2769 688 2826 des
703 2776 797 2844 portes
818 2770 854 2827 du
870 2769 1022 2833 cimetilre
1044 2769 1193 2844 lesquelles
1211 2769 1317 2842 J'ointes
1338 2765 1457 2826 ensemble
1543 2775 1544 2780 ’

354 2856 474 2914 forment
489 2863 559 2913 cette
574 2855 762 2928 inscription':

440 2990 464 3033 v.
496 2989 536 3032 ni.
559 2972 579 3032 l.
609 2969 757 3030 volvetino
784 2969 821 3029 M.
845 2968 942 3030 Alloni
972 2968 976 3052 Ι
1005 2969 1139 3032 Romano
1167 2967 1308 3030 omnibus
1335 2963 1454 3030 honorio.

354 3075 447 3134 Vienn
472 3070 476 3154 Ι
501 3072 588 3135 allect
604 3115 712 3132 .....
729 3071 823 3132 issimi
846 3071 941 3133 ordin.
966 3078 1058 3132 senat.
1082 3105 1124 3114 -
1146 3074 1240 3131 Guiclr.
1257 3091 1284 3150 p.
1300 3078 1341 3130 32.

440 3213 462 3252 v.
484 3200 558 3270 usq.
579 3193 693 3269 supple:
715 3189 852 3250 omnihus
875 3187 1060 3272 honorihins)
1085 3186 1235 3272 Vienn(ae)
1261 3185 1402 3271 isaacio,
1422 3182 1455 3246 al·

354 3292 429 3354 lecto
450 3295 481 3352 in
503 3289 741 3374 amplissimium)
765 3289 921 3373 ordiniem)
945 3293 1126 3354 senatorium
1148 3337 1155 3350 .
1175 3337 1181 3351 .
1199 3336 1232 3352 ..

438 3414 467 3469 ln
496 3429 576 3470 versu
601 3412 690 3488 primo
721 3413 810 3469 trihus
838 3412 933 3471 saltem
954 3412 1073 3472 Voltinia
1102 3414 1287 3487 cognoscitur.
1329 3412 1454 3469 Praeterea

354 3498 436 3555 adicit
451 3497 622 3554 Guichenon:
639 3495 692 3554 ‘Le
708 3497 773 3554 titre
788 3497 821 3554 rle
836 3516 867 3556 ce
883 3498 1027 3574 sepulchre
1043 3507 1086 3556 est
1101 3515 1134 3555 en
1150 3514 1204 3556 une
1219 3506 1299 3556 autre
1315 3497 1413 3573 pierre,
1426 3493 1454 3550 oi

354 3590 418 3640 sont
433 3599 479 3639 ces
493 3589 580 3640 mols:
596 3599 628 3639 n.
642 3597 760 3640 annoni
774 3585 891 3642 anrvo!

460 3765 613 3820 574-575.
654 3765 785 3826 Aquae
808 3765 1063 3828 Allobrogum
1085 3763 1364 3831 (nix-en-Savoye).

437 3891 496 3944 574.
534 3884 658 3961 ‘Pingon
674 3887 715 3944 lut
731 3905 779 3944 sur
793 3904 830 3944 un
845 3887 968 3951 manbre,
984 3905 1038 3963 que
1049 3889 1078 3962 je
1094 3906 1127 3946 ne
1139 3907 1190 3964 pus
1207 3887 1344 3946 trouver':

438 4002 471 4063 ll.
495 4002 533 4062 M.
565 3998 569 4083 Ι
599 4003 632 4063 D.
661 4002 718 4062 Titi
740 4003 879 4063 Domilini
903 3999 907 4083 Ι
931 4002 1143 4084 possessories)
1166 4004 1323 4082 Aquenses
1351 3998 1356 4084 Ι
1382 4005 1408 4060 et
1425 3995 1450 4058 n.
1541 4011 1543 4018 ’

354 4103 448 4166 Titius
470 4100 656 4186 Domitin(us)
681 4100 686 4186 Ι
709 4104 794 4183 patri.

437 4225 564 4290 Abauzlt,
582 4224 701 4283 Oeuvres
716 4224 815 4282 divers.
829 4224 860 4281 ll.
876 4243 902 4299 p.
921 4227 977 4282 109.
1013 4227 1105 4285 Possit
1126 4225 1247 4286 dubitari
1268 4228 1301 4284 (le
1316 4222 1452 4284 sinceritate

354 4308 436 4366 huius
451 4309 539 4373 tituli,
561 4318 589 4366 at
604 4310 697 4384 potius
719 4309 789 4366 male
809 4309 975 4385 descriptum
991 4311 1165 4370 indicaverim
1181 4324 1263 4386 qnam
1278 4307 1387 4374 lalsum;
1405 4320 1452 4365 cer·

354 4393 470 4450 rexerim
485 4394 556 4450 enim
571 4411 595 4450 v.
612 4397 636 4450 3.
649 4393 845 4468 possessor(is)
860 4393 1015 4468 Aquensis
1036 4397 1230 4473 omiserimque
1250 4415 1274 4454 v.
1290 4399 1315 4454 3.
1329 4401 1364 4453 et.
