3148 5160
354 419 423 528 ἱ226
748 465 831 523 elas
854 467 874 522 l.
918 465 1024 522 CAPV'l'
1046 466 1087 522 lll.

360 639 422 694 ster
444 633 512 710 pagi
534 630 642 710 Epotii.
689 631 798 694 Contra
820 632 876 694 alia
900 634 974 695 ratio
998 640 1043 692 est
1066 631 1206 694 aedilium
1221 647 1367 710 pagorum
1384 638 1413 692 et
1433 633 1467 690 vi·
1554 657 1555 702 ς

360 751 480 802 corum,
511 738 544 792 nt
573 734 623 810 qui
651 733 756 794 eodem
785 734 872 794 modo
901 753 916 794 a
946 736 1067 812 paganis
1095 735 1265 810 vicanisque
1293 740 1469 800 crearentur,
1554 751 1555 800 j

361 853 421 914 quo
450 834 629 896 creabantur
657 834 769 896 aediles
797 834 992 914 municipales
1016 855 1032 896 a
1055 835 1271 914 municipibus;
1300 836 1331 896 in
1354 834 1469 896 admini·

359 935 480 997 stranda
502 943 600 997 autem
631 955 664 996 re
692 953 806 1016 pagana
834 939 995 1014 vicenaque
1018 936 1049 995 hi
1072 935 1183 998 aediles
1205 954 1300 1013 aeque
1323 937 1405 996 scitis
1426 937 1471 996 de·
1553 949 1555 1008 4

361 1040 512 1116 oretisque
541 1036 720 1099 tenebantur
747 1038 975 1117 municipalibus
1005 1057 1038 1099 ac
1068 1038 1261 1117 municipales
1290 1040 1472 1116 magistratus
1553 1079 1555 1088 ι

291 1163 296 1175 ·
360 1139 540 1200 tenebantur
562 1138 677 1217 legibus
700 1140 826 1220 publicis
848 1140 951 1220 populi
973 1139 1106 1202 Romani.
1151 1141 1272 1200 Praeter
1294 1140 1407 1202 aediles
1428 1159 1470 1200 or·

359 1241 466 1302 dinarii
488 1243 677 1320 magistratus
699 1260 781 1302 mere
804 1244 909 1321 pagani
933 1261 991 1302 non
1014 1241 1151 1302 videntur
1172 1243 1273 1303 luisse.

440 1344 496 1414 Qui
510 1343 730 1420 magistratibus
743 1342 970 1423 municipalibus
983 1343 1175 1424 apparebant,
1192 1362 1244 1404 eos
1256 1363 1346 1423 supra
1358 1343 1396 1424 (p.
1407 1342 1470 1422 187)
1554 1349 1555 1388 l

361 1445 486 1506 vidimus
509 1445 640 1506 libertini
661 1446 780 1522 generis
802 1446 910 1514 luisse;
938 1464 1005 1508 rara
1033 1454 1132 1507 autem
1161 1464 1263 1506 eorum
1293 1453 1339 1506 est
1367 1447 1469 1506 mentio

361 1565 459 1624 neque
481 1548 649 1608 invenimus
677 1548 734 1606 nisi
762 1548 947 1626 apparitores
970 1548 1112 1610 Nemausi
1135 1549 1172 1628 (n.
1199 1544 1269 1624 158)
1299 1554 1330 1608 et
1351 1554 1469 1608 statores

360 1646 673 1731 Nemausiln.15il),
702 1650 832 1710 Viennae
857 1649 894 1725 (n.
919 1648 1007 1728 519),
1038 1650 1185 1712 Cularone
1209 1650 1245 1728 (n.
1273 1646 1355 1727 552).
1400 1649 1467 1710 llar-

360 1753 442 1812 tinus
471 1757 569 1812 autem
597 1748 662 1819 ille,
693 1753 744 1827 qui
767 1751 844 1812 Deae
873 1751 981 1812 dicitur
1003 1751 1095 1812 luisse
1122 1752 1161 1810 ob
1180 1754 1302 1810 oerorio
1331 1750 1369 1831 (n,
1394 1748 1466 1826 462),

360 1855 535 1933 apparuisse
557 1851 674 1912 videtur
696 1852 921 1932 quaestoribus,
946 1853 1102 1930 eidemque
1125 1852 1277 1914 bominum
1300 1853 1403 1930 generi
1423 1850 1465 1910 ad·
1554 1903 1555 1906 ,

360 1974 502 2016 numeres
525 1955 716 2023 Frontonem,
741 1963 869 2014 actorem
891 1957 952 2015 loct
972 1953 1125 2016 Cularonis
1148 1953 1186 2028 (n.
1212 1951 1293 2031 551).

445 2045 635 2118 Coloniarum
658 2056 786 2135 denique
810 2074 912 2116 servos
927 2055 1020 2117 babes
1035 2057 1174 2118 Nemausi
1197 2056 1235 2134 (n.
1261 2052 1332 2133 160)
1357 2063 1386 2115 et
1399 2055 1466 2116 Deae

359 2161 508 2237 Augustae
532 2157 570 2237 (n.
597 2155 678 2236 461).

634 2346 681 2407 lle
712 2347 884 2424 patronis
912 2347 1209 2426 municipiorum.

444 2499 478 2558 ln
494 2497 560 2558 albo
576 2497 769 2558 decurionum
786 2498 1016 2568 Canusinosum,
1034 2497 1113 2575 quod
1125 2498 1324 2577 perscriptum
1341 2504 1384 2558 est
1398 2513 1463 2557 anno
1554 2527 1555 2534 ,

360 2619 389 2680 p.
408 2598 459 2661 Cb.
477 2604 538 2666 223
552 2595 610 2677 ¹⁶³),
635 2601 763 2678 primum
787 2599 907 2677 quidem
930 2598 1027 2660 locum
1050 2601 1184 2660 obtinent
1205 2602 1324 2676 patroni
1346 2599 1464 2665 civitatis,
1540 2643 1544 2654 .

361 2702 412 2761 sed
428 2702 467 2760 ita
489 2702 566 2760 utin
582 2702 716 2779 ipsorum
734 2702 929 2762 elecurionum
952 2719 1078 2761 numero
1101 2721 1161 2762 non
1184 2703 1257 2770 sint,
1282 2703 1390 2781 quippe
1406 2717 1464 2760 eum
1553 2705 1554 2786 ]

308 2787 312 2794 ’
361 2811 482 2863 centurn
504 2803 680 2863 decuriones
702 2803 743 2863 ibi
765 2811 960 2864 numerentur
984 2804 1115 2881 exeeptis
1131 2804 1279 2882 patronis.
1326 2805 1405 2863 Sicut
1423 2818 1465 2862 an·

360 2911 421 2965 tem
452 2923 467 2964 a
495 2903 722 2974 decurionibus,
757 2907 796 2965 ita
825 2925 841 2965 a
873 2902 1094 2982 magistratibus
1126 2922 1244 2981 quoque
1278 2900 1465 2981 distinguendi
1514 2915 1519 2926 ·
1553 2939 1554 2958 2

361 3013 431 3068 sunt
459 3007 592 3085 patroni,
623 3014 652 3066 et
674 3024 867 3084 quamquam,
896 3005 926 3066 id
950 3006 1029 3083 quod
1051 3005 1130 3065 idem
1152 3004 1225 3066 illud
1247 3005 1356 3084 probat
1377 3005 1464 3065 album
1552 2987 1554 3022 ²

361 3108 558 3178 Canusinam,
590 3110 706 3187 patroni
740 3114 865 3187 possunt
894 3109 1025 3186 cooptari
1054 3126 1090 3167 ex
1119 3126 1244 3168 numero
1274 3126 1392 3178 eorum,
1422 3103 1464 3181 qui

362 3209 581 3286 magistratibus
608 3209 703 3271 iuneti
731 3217 800 3270 sunt
822 3208 1065 3288 municipalibus,
1095 3211 1194 3288 ipsum
1223 3215 1323 3270 tamen
1346 3207 1462 3288 'patroei-
1553 3199 1554 3230 l

360 3313 443 3370 nium
466 3310 594 3370 alienum
619 3317 663 3370 est
685 3329 701 3370 a
724 3311 897 3371 muneribus
927 3310 1154 3389 municipalibus
1177 3310 1343 3372 ordinariis.
1387 3311 1461 3370 Prae·

361 3419 442 3470 terea
464 3409 641 3490 plerumque
664 3431 724 3472 non
747 3431 783 3472 ex
806 3415 870 3492 ipso
893 3413 1054 3491 municipio
1078 3412 1265 3490 eligebantur
1287 3411 1416 3492 patroni,
1439 3413 1463 3465 et
1552 3469 1553 3494 ἶ

362 3513 481 3572 Canusii
504 3529 622 3590 quoque
646 3516 777 3593 exceptis
800 3513 916 3574 duobus
939 3533 1043 3574 omnes
1065 3514 1173 3591 reliqui
1194 3517 1313 3594 patroni
1336 3532 1391 3576 non
1405 3513 1463 3570 sunt
1552 3567 1553 3572 ,

361 3615 525 3692 municipes
554 3613 606 3673 sed
634 3616 798 3693 superioris
828 3614 942 3675 ordinis
971 3623 1000 3676 et
1028 3617 1067 3674 ita
1095 3615 1318 3693 distinguuntur
1344 3616 1416 3674 inter
1436 3626 1462 3668 se
1552 3599 1553 3638 ³

360 3717 474 3776 ratione
497 3714 661 3793 dignitatis,
692 3722 724 3776 ut
746 3717 842 3794 primo
865 3715 931 3777 loeo
955 3719 1146 3778 nonnnentur
1168 3719 1224 3777 viri
1245 3717 1397 3784 senatorii,
1418 3711 1460 3771 de·
1552 3729 1553 3736 ¹

446 3919 519 3978 Cum
542 3915 600 3976 albi
623 3919 762 3978 Canusini
785 3921 919 3997 patronis
948 3921 972 3979 si
1000 3920 1182 3979 conserimus
1208 3938 1274 3990 eos,
1300 3921 1349 3996 qui
1369 3920 1397 3976 in
1417 3931 1459 3990 op·

360 4018 437 4097 pidis
460 4018 703 4095 Narbonensibus
725 4021 930 4088 inveniuntur,
954 4019 1002 4080 hic
1025 4039 1144 4100 quoque
1168 4022 1317 4081 variorum
1339 4017 1458 4079 ordinum
1551 4079 1552 4084 η

361 4128 429 4180 sunt
451 4121 507 4180 viri
528 4120 686 4198 patrocinii
708 4121 828 4180 nomine
851 4121 988 4199 cooptati.
1034 4123 1070 4182 Et
1097 4123 1321 4199 antiquissimus
1344 4117 1455 4196 quiden,
1551 4111 1552 4122 ¹

430 4406 488 4469 163)
507 4405 667 4464 Mommsen,
686 4406 772 4459 inser.
792 4408 879 4472 Neap.
899 4410 956 4459 635.
993 4408 1169 4459 Or.-Henzen
1188 4411 1264 4460 3721.
