3184 5162
329 482 370 546 38
688 491 691 494 “
725 478 810 536 PARS
832 479 851 534 l.
896 475 1001 533 CAPVT
1024 475 1043 530 l:

329 649 483 727 Tarquinii
506 648 600 708 Prisci
622 653 718 708 aetate
741 645 899 706 Massiliam
923 645 1135 713 condiderunt,
1165 653 1322 723 antequam
1348 646 1379 705 in
1402 643 1450 704 ul·

330 753 457 812 teriores
479 752 564 810 sinus
585 749 799 829 perveherent‚
822 749 907 808 'ostio
929 747 1047 808 Tiberis
1068 750 1176 809 invecti
1198 749 1358 808 amicitiam
1380 766 1450 808 cum

329 855 471 914 Romanis
492 854 664 912 iunxerunt.
709 850 763 911 Illo
786 850 894 910 deinde
916 857 1068 929 tempore,
1098 867 1157 928 quo
1179 851 1258 912 inter
1280 850 1398 910 Poenos
1421 858 1452 910 et

329 955 528 1018 Massilienses
551 955 587 1014 de
609 955 700 1014 maris
722 950 871 1034 Tyrrheni
899 959 929 1012 et
957 971 1028 1012 orae
1051 951 1227 1031 llispanicac
1249 952 1450 1012 dominatione

330 1059 501 1120 dimicatum
525 1065 585 1126 esi,
615 1073 681 1116 cum
710 1057 768 1116 iam
797 1053 853 1114 sub
880 1055 1003 1132 regibus
1032 1073 1066 1114 ea
1088 1054 1290 1114 Romanorum
1312 1055 1343 1114 in
1366 1053 1449 1114 Latio

331 1167 410 1221 esset
432 1157 583 1226 condicio,
607 1167 640 1218 ut
661 1157 835 1218 Latinorum
858 1157 979 1216 nomine
1002 1175 1069 1216 cum
1093 1158 1203 1217 exteris
1225 1163 1361 1234 agerent,
1385 1156 1448 1216 loe-

330 1262 387 1323 dus
410 1261 530 1338 quidem
552 1257 624 1319 illud
647 1277 714 1320 curn
737 1256 1029 1335 Carthaginiensibus
1051 1258 1088 1318 de
1111 1260 1295 1335 navigatione
1318 1265 1348 1317 et
1369 1276 1449 1318 com·

332 1364 443 1424 morcio
466 1358 642 1440 lecerunt2),
668 1349 766 1438 neone
788 1369 888 1421 tamen
909 1363 948 1420 ita
972 1380 988 1421 a
1009 1360 1179 1421 Poenorum
1201 1360 1336 1440 partibus
1359 1366 1449 1421 stete-

330 1472 418 1533 runt,
441 1471 475 1524 ut
496 1464 678 1524 Graecorum
701 1463 771 1523 inde
793 1465 950 1524 amicitiam
974 1464 1177 1541 susciperent,
1206 1465 1298 1522 immo
1320 1461 1450 1523 Diodoro

332 1566 433 1628 Siculo
442 1563 465 1643 ³)
489 1572 610 1625 anctore
634 1572 729 1624 aetate
751 1563 865 1625 Camilli
888 1583 922 1624 ea
946 1572 1009 1625 erat
1030 1565 1233 1626 Romanorum
1256 1583 1324 1624 cum
1346 1565 1449 1624 Massi·

331 1667 477 1728 licnsibus
492 1667 629 1736 amicitia,
655 1676 686 1726 ut
701 1666 868 1734 donarium,
886 1667 965 1744 quod
980 1675 1048 1746 post
1063 1674 1167 1745 captos
1182 1685 1260 1728 anno
1274 1686 1300 1726 a.
1318 1664 1370 1728 Ch.
1389 1671 1451 1732 396

332 1771 418 1829 Veios
446 1766 574 1847 Apollini
603 1766 745 1847 Delphico
779 1768 816 1828 de
845 1768 955 1846 praeda
977 1770 1136 1838 miserunt,
1165 1770 1196 1829 in
1225 1767 1450 1829 Massiliensium

333 1870 473 1930 thesauro
496 1868 640 1948 Delphico
662 1869 858 1949 deponerent.
905 1871 1016 1930 Deinde
1039 1870 1138 1949 paullo
1159 1877 1235 1950 post,
1259 1889 1327 1930 cum
1349 1888 1450 1930 rever-

332 1979 429 2033 tentes
451 1991 468 2031 a
490 1971 612 2050 Delphis
635 1971 863 2032 Massiliensium
885 1970 984 2048 legati,
1007 1972 1078 2033 dum
1095 1973 1169 2033 ostia
1185 1972 1302 2032 'liberis
1317 1979 1450 2050 praetcr-

332 2073 491 2143 vehebant,
520 2074 716 2143 audivissent,
740 2073 846 2135 urbem
868 2076 926 2134 iam
950 2093 967 2133 a
989 2072 1079 2134 Gallis
1101 2081 1217 2153 captam
1238 2075 1451 2150 incensamque

332 2195 407 2245 esse,
431 2176 521 2252 idque
543 2175 624 2236 domi
645 2178 847 2244 nuntiassent,
879 2195 938 2236 non
961 2174 1057 2236 solum
1080 2175 1199 2254 pucho
1221 2175 1304 2236 luctu
1325 2175 1451 2236 Massili-

332 2296 421 2337 enses
448 2276 506 2336 hoc
533 2285 712 2355 prosecutos
740 2296 805 2338 esse
834 2279 926 2338 relert
955 2274 1116 2356 Trogus⁴),
1147 2277 1199 2336 sed
1229 2279 1316 2338 etiam
1344 2297 1452 2339 aurum

333 2385 551 2455 argentumque
579 2385 609 2437 ct
630 2378 749 2458 publice
778 2385 808 2438 et
834 2380 972 2458 privatim
1000 2377 1139 2439 coMatum
1166 2378 1308 2440 Romanis
1334 2379 1370 2440 ad
1399 2399 1453 2440 cx·

332 2478 490 2559 piendum,
519 2478 599 2557 quod
622 2477 714 2539 Gallis
740 2498 796 2559 pro
824 2480 1022 2558 rehnquendo
1050 2481 1133 2542 Latio
1156 2479 1272 2541 solvere
1295 2479 1451 2551 deberent,

333 2582 463 2660 pretium
486 2581 628 2650 donasse,
659 2580 698 2641 ob
721 2582 800 2658 quod
829 2583 867 2643 de
888 2582 1029 2644 Romanis
1057 2585 1197 2644 meritum
1225 2584 1453 2652 immunitatem,

334 2681 432 2742 locum
448 2683 479 2742 in
494 2681 672 2761 spectaculis
694 2685 772 2744 inter
795 2691 950 2746 senatores
966 2684 1170 2754 honorarium,
1194 2686 1301 2746 loedus
1323 2687 1454 2763 denique

333 2802 430 2862 aequo
451 2786 518 2845 iure
539 2802 718 2863 percussum
740 2784 922 2847 retulissent.
969 2786 1065 2847 Silent
1086 2787 1207 2863 quidem
1228 2788 1266 2848 de
1288 2787 1334 2847 his
1356 2789 1453 2848 omni·

332 2887 390 2947 bns
412 2885 534 2946 annales
557 2886 682 2948 Romani
712 2894 741 2947 et
769 2888 902 2966 Trogus,
933 2887 983 2948 ubi
1012 2889 1048 2948 de
1075 2891 1262 2950 immunitate
1289 2888 1454 2950 Massilien-

332 2988 416 3048 sibus
439 2988 684 3058 concessadicit,
708 2997 810 3070 aperte
834 2991 953 3067 antiqua
975 2990 1195 3052 recentioribus
1218 2993 1330 3058 miscet,
1354 3009 1455 3068 neque

333 3092 475 3150 maiorem
498 3089 587 3150 fidem
609 3090 723 3153 tribuas
746 3089 930 3169 Strahouil‘),
961 3093 987 3152 si
1008 3092 1117 3153 Dianae
1139 3094 1169 3152 in
1192 3093 1337 3153 Aventino
1360 3094 1454 3154 simu·

332 3191 447 3252 lacrum
469 3209 485 3250 a
507 3189 743 3254 Massiliensibus
765 3200 919 3272 receptum
943 3212 1010 3254 csse
1032 3195 1140 3262 relert,
1164 3201 1252 3273 atque
1274 3194 1361 3254 facile
1382 3211 1454 3274 per·

336 3329 463 3335 .---.-.
472 3327 637 3334 ---——--—

401 3413 429 3479 2)
447 3412 543 3476 Polyb.
563 3417 593 3475 3,
612 3416 653 3464 22.
684 3413 734 3463 cir.
752 3413 917 3474 Mommsen,
936 3413 967 3462 R.
988 3413 1020 3464 G.
1040 3416 1069 3476 1,
1087 3415 1131 3464 97.

401 3497 427 3559 3)
445 3497 527 3548 Diod.
547 3497 601 3547 Sic.
622 3499 667 3561 14,
685 3500 733 3559 93,
753 3501 781 3548 3:
806 3488 821 3548 ὁ
846 3491 878 3549 di
898 3497 953 3549 τῶν
966 3489 1111 3562 Ῥωμαίων
1128 3495 1219 3562 δῆμος
1237 3489 1269 3548 ἔκ
1288 3496 1344 3548 τῶν
1360 3494 1456 3562 λαφύ-

333 3599 390 3646 ρων
413 3574 538 3646 δεκάτην
561 3573 724 3646 ἐξελόμενος
748 3581 870 3648 χρυσοῦν
893 3577 1083 3634 κατεσκεύασε
1107 3580 1235 3648 κρατῆρα
1253 3579 1303 3632 καὶ
1322 3577 1364 3642 εἰς
1383 3583 1455 3633 Δελ-

335 3656 410 3730 φούς
428 3654 575 3730 οἷνέθηκεν
592 3693 624 3700 -
647 3666 713 3718 ibid.
732 3669 761 3716 5:
786 3660 816 3716 οἱ
833 3661 866 3716 δὲ
890 3666 945 3728 (sc.
964 3665 1019 3717 cciv
1033 3658 1178 3731 Ῥωμαίων
1195 3663 1384 3731 πρεσβευταὶ)
1405 3661 1457 3719 τὸν

334 3747 461 3814 κρατῆρα
479 3747 644 3812 κομίζοντες
661 3751 719 3814 (sc.
739 3746 780 3809 εἰς
799 3741 946 3816 Δελφοὺς)
970 3741 1130 3808 ἀναθέντες
1154 3743 1243 3802 αὐτὸν
1266 3746 1308 3808 εἰς
1330 3742 1381 3801 τὸν
1399 3749 1457 3802 τῶν

334 3831 545 3898 Μασσαλιητῶν
564 3825 716 3900 θησαυρὸν
739 3830 781 3894 εἰς
800 3826 907 3901 Ῥώμην
930 3826 1118 3899 descessum.
1152 3835 1195 3885 De
1220 3849 1273 3898 quo
1296 3834 1457 3886 Massilien-

333 3918 404 3968 sium
421 3918 552 3970 thesauro
569 3918 706 3984 Delphico
725 3919 775 3972 cfr.
792 3921 913 3972 Pausan.
933 3922 977 3980 10,
996 3922 1026 3984 8,
1044 3921 1069 3968 4.

400 4001 428 4068 4)
447 4003 545 4054 Iustin.
563 4004 610 4067 43,
629 4004 653 4053 b.

402 4084 432 4152 5)
452 4087 552 4139 Strabo
570 4090 594 4138 4.
613 4089 714 4152 p.180:
738 4083 877 4152 πρότερον
894 4081 948 4153 μὲν
970 4073 1022 4139 οὖν
1041 4076 1178 4154 εὐτύχουν
1196 4079 1396 4152 διαφερόντως
1414 4087 1458 4157 (οἱ

333 4171 550 4236 Μασσαλιῶται)
569 4170 638 4235 περί
654 4187 684 4222 τε
702 4158 791 4224 τᾶλλα
809 4168 940 4234 καὶπερὶ
958 4165 1012 4236 τὴν
1029 4167 1100 4235 πρὸς
1112 4161 1267 4236 Ῥωμαίους
1285 4173 1402 4236 φιλίαν,
1421 4162 1458 4242 ἦς

333 4249 424 4307 πολλὰ
441 4247 479 4308 ἄν
497 4272 540 4317 τις
557 4249 640 4324 λάβοι
659 4261 777 4323 σημεῖα·
796 4252 846 4306 καλ
864 4248 901 4319 δὴ
921 4252 971 4306 κοιλ
988 4247 1020 4305 τὸ
1039 4247 1143 4318 ξόανον
1162 4254 1213 4320 τῆς
1228 4246 1386 4322 Ἀρτέμιδος
1404 4257 1458 4325 τῆς

335 4332 366 4390 ἐν
382 4330 509 4408 Ἀβεντίῳ
527 4335 557 4393 οἱ
569 4331 702 4406 Ῥωμαῖοι
720 4333 773 4406 τὴν
791 4330 882 4404 αὐτὴν
901 4329 1038 4390 διάθεσιν
1057 4333 1123 4408 ἔχον
1139 4338 1178 4406 τῷ
1194 4331 1272 4405 παρὰ
1290 4343 1353 4402 τοῖς
1370 4342 1458 4395 Μασ-

334 4415 484 4509 σαλιώταις
501 4417 656 4478 ἀνέθεσαν.
