3148 5160
520 469 603 526 PARS
626 471 656 527 ll.
702 470 808 526 GAPVT
830 470 874 526 lll.
1187 471 1248 534 245

126 643 229 720 operis
251 659 308 720 pro
330 637 482 718 personali
504 657 629 700 munere
651 638 843 699 mandaretur
858 636 1060 717 municipibus
1082 655 1184 700 cartam
1207 637 1248 695 ci-

127 745 266 812 vitatum,
290 741 452 821 inquibus
476 736 615 820 erant.²²)

152 929 185 978 B.
223 928 267 980 De
286 944 354 980 curo
372 928 508 978 redituum
527 931 555 978 et
572 926 767 978 distributione
785 941 925 977 munerum
944 941 1110 991 operumque
1128 924 1218 990 publi·

615 1027 716 1065 corum.
727 1011 759 1074 23)

213 1150 451 1212 Fundamentum
480 1148 784 1212 administrandorum
817 1149 987 1229 provinciae
1014 1155 1134 1208 nostrae
1167 1142 1264 1209 redi-'

125 1259 214 1312 tuum
249 1259 334 1313 erant
365 1251 484 1314 tabulae
516 1271 624 1313 census
657 1250 693 1312 ab
721 1253 853 1330 Augusto
882 1269 960 1311 anno
990 1269 1015 1312 a.
1046 1249 1098 1311 ch.
1124 1255 1164 1316 27
1191 1269 1246 1329 per

126 1353 237 1416 Gallias
260 1356 326 1416 acti.
365 1355 475 1414 Verum
494 1361 552 1422 est,
578 1371 629 1414 eos
652 1355 702 1431 qui
724 1352 831 1414 dehac
853 1372 887 1414 re
910 1353 1013 1413 dicunt
1035 1353 1197 1431 scriptores
1208 1349 1244 1431 ²⁴)

126 1457 268 1517 nonnisi
297 1455 448 1516 ulterioris
471 1455 581 1517 Galliae
610 1456 792 1516 mentionem
820 1456 943 1525 lacere,
962 1453 1015 1514 sed
1042 1452 1246 1514 Narbonensis

126 1560 247 1635 quoque
270 1575 393 1618 censum
421 1557 472 1619 illo
502 1576 579 1618 anno
609 1575 675 1618 esse
696 1558 864 1637 perlectum
894 1562 923 1618 11
951 1575 1004 1637 per
1028 1574 1060 1616 se
1083 1554 1245 1617 verisimile

126 1667 173 1720 est
194 1666 224 1719 et
245 1659 314 1720 inde
336 1666 474 1739 apparet,
505 1659 584 1736 quod
613 1660 695 1720 orbis
716 1659 766 1720 illa
789 1660 965 1739 descriptio,
994 1675 1070 1736 quae
1099 1658 1135 1718 ad
1159 1677 1245 1718 usum

126 1780 236 1822 census
264 1781 280 1821 a
308 1761 382 1821 lulio
410 1762 537 1823 Caesare
566 1763 698 1842 incepta,
733 1760 769 1822 ab
797 1764 930 1839 Augusto
958 1761 1089 1840 perlecta
1125 1767 1182 1829 est,
1207 1761 1245 1820 in

48 1890 51 1894 ·
124 1862 262 1943 partibus
285 1862 458 1933 occidentis,
482 1864 567 1924 cuius
590 1870 653 1925 erat
678 1865 813 1924 universa
830 1863 937 1932 Gallia,
962 1881 997 1923 eo
1018 1864 1084 1939 ipso
1107 1880 1185 1921 anno
1208 1861 1244 1921 ad

125 1965 215 2025 linem
238 1971 283 2024 est
304 1965 462 2044 perducta;
488 1965 567 2043 quod
591 1972 690 2026 autem
714 1963 837 2025 ulterior
860 1971 974 2026 tantum
997 1963 1090 2023 Gabia
1113 1981 1242 2023 comme·
1281 1992 1283 1996 .

124 2071 274 2135 moratur,
299 2067 368 2126 inde
390 2067 475 2128 lacile
499 2066 707 2146 explicaveris,
731 2067 810 2146 quod
833 2067 863 2126 in
886 2065 982 2126 tribus
1005 2063 1062 2124 illis
1084 2065 1243 2144 provinciis

124 2175 189 2228 tum
216 2169 347 2248 primum
375 2169 433 2230 boc
465 2170 634 2230 institutum
668 2168 799 2246 legitime
833 2174 878 2228 est
904 2175 1058 2247 peractum
1087 2171 1116 2225 et
1149 2164 1242 2225 multo

125 2271 246 2330 maioris
269 2271 412 2330 momenti
434 2277 499 2331 erat
520 2287 607 2347 quam
631 2271 661 2330 in
685 2269 776 2331 Gallia
799 2267 995 2330 meridionali.
1035 2267 1077 2328 Ex
1100 2265 1149 2327 illa
1171 2284 1242 2327 vero

124 2372 324 2451 descriptione
347 2389 423 2450 quae
446 2372 481 2432 ad
505 2391 592 2434 usum
608 2372 793 2450 vectigalium
810 2371 996 2452 publicorum
1019 2369 1176 2448 desumpta
1198 2377 1243 2430 est

126 2493 235 2534 census
257 2472 399 2543 lormula,
422 2475 521 2553 primo
543 2473 609 2534 loco
640 2474 810 2536 continebat
837 2492 996 2535 numerum
1024 2472 1153 2550 capitum
1181 2471 1242 2530 sive

124 2577 279 2654 iugorum,
304 2594 339 2635 ex
362 2576 471 2653 quibus
494 2577 658 2656 composita
673 2584 759 2638 erant
773 2575 890 2656 singula
904 2575 1074 2655 provinciae
1089 2574 1242 2634 territoria

125 2675 371 2756 singulorumque
405 2696 611 2758 possessorum
643 2678 735 2749 bona,
771 2680 912 2759 appositis
946 2677 1093 2738 bonorum
1126 2675 1240 2754 pretiis,

124 2779 345 2858 computatione
379 2786 479 2841 autem
512 2782 553 2840 ita
586 2781 678 2851 iacta,
712 2787 747 2841 ut
775 2779 891 2858 singula
919 2780 1014 2858 capita
1043 2782 1142 2838 essent
1158 2773 1239 2835 'cen-

122 2889 263 2942 tenorum
287 2881 401 2943 milium
424 2884 630 2944 sestertiorum
653 2889 789 2961 respecta
812 2899 952 2960 agrorum
974 2878 1115 2959 qualitate
1137 2883 1167 2936 11
1187 2894 1240 2954 pe·

122 2985 210 3044 cunia
234 2983 270 3044 ad
293 2983 434 3044 colendos
458 3001 546 3062 agros
567 2982 781 3062 impendende;
806 2982 936 3044 secundo
959 2980 1026 3040 loco
1050 2996 1082 3038 ca
1111 2967 1239 3037 formula

121 3085 293 3148 continebat
315 3087 435 3146 nomine
458 3093 654 3147 mercatorum
678 3085 882 3161 artificumque
910 3092 939 3143 et
960 3080 1159 3157 reliquorum,
1190 3078 1241 3154 qui

120 3206 314 3266 possessores
337 3205 397 3247 non
421 3194 519 3256 erant,
544 3205 608 3247 rem
629 3193 729 3247 tamen
757 3185 905 3246 habebant
931 3182 1121 3249 familiarem,
1150 3181 1239 3240 tertio

121 3289 252 3366 denique
273 3288 339 3349 loco
362 3291 458 3368 capita
481 3307 599 3357 eorum,
623 3290 674 3365 qui
696 3305 794 3365 neque
817 3288 880 3365 agri
901 3303 998 3365 neque
1020 3285 1065 3346 111
1086 3281 1240 3344 familiaris

119 3393 341 3470 possessionem
364 3396 503 3470 poterant
523 3390 666 3470 proliteri.
713 3390 801 3452 Cuius
823 3387 968 3450 lormulae
996 3405 1065 3466 pars
1093 3391 1239 3466 perpetua

121 3500 185 3554 erat
213 3509 356 3553 numerus
389 3508 545 3568 agrorum,
573 3491 688 3568 reliqua
716 3493 831 3560 omnia,
861 3488 994 3568 singulae
1021 3490 1236 3568 possessiones,

118 3595 267 3674 pecuniae
294 3600 496 3654 mercatorum
524 3595 742 3670 artificumque,
773 3610 917 3654 numerus
949 3589 1103 3651 bominum
1133 3590 1237 3650 tertiae

187 3829 234 3896 22)
258 3831 291 3880 L.
311 3831 342 3881 18
365 3832 388 3892 ξ.
408 3832 440 3881 10
462 3831 526 3896 Dig.
545 3830 579 3880 de
596 3846 701 3881 muner.
720 3817 781 3893 (50,
798 3829 846 3894 4)1
870 3831 911 3892 bi,
928 3831 972 3895 qui
986 3836 1121 3880 curatores
1138 3827 1174 3876 ad
1190 3841 1237 3875 ccc·

117 3918 230 3967 truendo
246 3918 286 3966 vel
296 3917 436 3978 reficienda
447 3916 565 3978 aedificic
580 3914 683 3979 publica
694 3917 745 3965 sice
755 3917 856 3979 patalia
867 3919 919 3966 sive
932 3916 1033 3964 novalia
1044 3915 1083 3964 acl
1094 3911 1237 3960 mansiones

117 4003 294 4060 destinantur,
312 4004 337 4050 ai
344 4005 477 4064 pecuniam
487 3999 613 4064 publicam
624 4002 650 4049 in
663 4001 749 4064 operis
758 3999 884 4062 fabricam
896 4005 1010 4064 crepent,
1023 3996 1164 4046 muneribus
1175 4008 1236 4056 per-

117 4085 248 4136 sonalibus
265 4090 449 4150 asminpuotur.
526 4130 529 4138 s

186 4167 233 4234 23)
249 4171 293 4220 De
311 4169 370 4232 his,
390 4185 461 4234 quae
479 4157 525 4220 bic
544 4173 695 4232 sequuntur
713 4170 764 4220 cfr.
776 4167 919 4238 Huschke,
939 4165 1044 4216 Census
1056 4163 1112 4214 und
1125 4163 1235 4214 8111111-

117 4253 286 4318 veriassung
303 4254 353 4304 der
371 4255 502 4306 friiberen
519 4255 685 4304 Koiserzeit.
703 4253 800 4304 Berlin
819 4253 893 4303 1847.
928 4250 1104 4314 Marquardt‚
1123 4247 1234 4302 Haudb.

118 4338 144 4388 d.
163 4354 249 4390 roem.
268 4338 388 4389 Alterth.
407 4343 430 4398 3,
450 4341 475 4404 2,
495 4339 544 4390 163
562 4353 623 4404 sqq.

186 4422 230 4485 24)
248 4423 311 4474 Liv.
331 4423 396 4488 epit.
416 4423 474 4477 136.
508 4423 562 4473 Dio
581 4425 626 4483 53,
645 4425 686 4476 22.
