3154 5162
342 501 402 565 128
728 497 813 555 PARS
835 497 866 554 ll.
903 496 1009 554 GAPVT
1031 496 1051 553 1.

340 667 548 743 Sostomagum
563 665 722 726 confinium
738 664 864 725 Tolosae
880 671 909 724 et
925 664 1099 725 Carcasonis
1122 661 1238 723 ridetur
1253 662 1354 732 luisse,
1376 660 1449 722 unde

339 769 542 845 consequitur,
566 785 627 826 non
649 766 746 828 solum
767 767 868 846 ipsum
883 766 1089 843 Sostomagum
1109 762 1379 845 (Casteloaudury),
1403 763 1449 824 sed

340 872 427 930 etiam
449 870 546 930 vicum
562 868 782 946 Hebromagum
807 866 878 949 (itin.
896 887 925 948 p.
943 874 1013 935 551,
1037 866 1258 944 Eburomagum
1279 866 1336 925 tab.
1354 853 1463 930 Peulfs'

338 990 433 1051 prope
463 967 659 1048 Villaoazon)
684 977 713 1030 et
734 971 928 1031 mutationem
951 968 1064 1030 Cedros
1088 968 1343 1050 (Mona-Sonent
1366 966 1449 1045 Lapie

339 1074 417 1153 apud
445 1073 528 1133 Pind.
558 1080 588 1133 et
614 1071 731 1142 Partb,
767 1090 862 1151 prope
898 1071 1154 1146 Villesequelande
1184 1068 1297 1131 Uckert
1323 1088 1352 1148 p.
1384 1065 1449 1146 407)

339 1177 563 1238 Carcasensiuin
586 1176 686 1235 luisse.
733 1175 841 1234 Contra
869 1175 920 1250 qui
947 1174 1025 1232 inter
1047 1171 1243 1234 Carcasonem
1272 1177 1303 1231 et
1322 1170 1450 1231 Rutenos

337 1278 450 1338 luerint
473 1278 606 1346 termini,
630 1294 690 1337 non
711 1281 811 1354 potest
834 1277 908 1337 erui.

423 1378 580 1439 Tolosae
603 1373 797 1456 (Toulouse),
820 1376 983 1437 secundum
1008 1393 1055 1445 ea,
1080 1391 1154 1452 quae
1177 1373 1266 1434 modo
1288 1373 1325 1434 de
1349 1374 1447 1436 (10000-
1555 1439 1556 1462 3

338 1499 410 1542 sone
433 1481 561 1542 diximus
584 1497 620 1539 ex
642 1479 794 1540 itinerario
809 1477 1075 1558 Hierosolymitano
1097 1476 1253 1537 tribuenda
1277 1495 1343 1538 esse
1367 1494 1449 1556 appa·
1555 1479 1556 1514 ³

338 1590 384 1644 ret
406 1583 470 1644 loca
493 1581 664 1644 Elusionem
689 1578 792 1660 (prope
814 1581 912 1640 bossin
927 1581 965 1640 de
987 1581 1155 1653 Naorouze
1178 1581 1249 1640 dnv.
1272 1597 1302 1658 p.
1319 1582 1382 1646 289
1398 1594 1447 1655 sq,
1555 1645 1556 1656 χ

338 1684 556 1758 ,0100οῙ000000
575 1678 699 1762 Lapie).
728 1681 765 1744 ad
793 1682 972 1742 Vicesimum
996 1679 1144 1756 (710070-
1159 1682 1254 1754 Vicae
1275 1680 1382 1760 Lapie,
1412 1683 1449 1738 St.
1554 1699 1556 1776 i

268 1837 270 1839 .
337 1786 429 1846 Rome
452 1783 563 1847 Uckert
584 1803 613 1863 p.
638 1783 721 1863 407),
740 1783 780 1844 'ad
804 1783 920 1844 Nonum
945 1784 1170 1865 (Pootperluzat
1191 1783 1290 1862 Lapie,
1316 1783 1451 1842 Castanet
1554 1781 1556 1802 ¹

337 1885 473 1966 Uckert);
505 1886 613 1965 quibus
638 1885 728 1947 addas
756 1887 912 1946 stationem
934 1885 1014 1946 illam
1037 1885 1169 1955 tabulae,
1198 1901 1287 1962 quam
1314 1883 1451 1944 nonnisi
1554 1857 1556 1950 )

337 1988 472 2050 mutilam
488 1988 569 2050 Bad.
584 2035 614 2048 ..
638 1986 764 2066 legimus
785 1995 814 2048 et
829 1987 974 2049 Baderam
996 1988 1089 2048 fuisse
1105 1986 1166 2047 vult
1177 1985 1290 2049 daville
1314 1987 1354 2066 (p.
1374 1985 1450 2065 135),
1555 1983 1556 2012 ³

336 2091 520 2153 Badinonem
548 2092 608 2150 sive
636 2088 750 2150 Radum
773 2087 883 2150 Uolert
907 2087 949 2170 (p.
974 2086 1067 2168 407),
1096 2095 1222 2166 uterque
1250 2095 1350 2148 autem
1375 2086 1451 2147 idem

334 2195 446 2255 iudicat
475 2210 542 2254 esse
569 2209 603 2252 ac
625 2188 770 2264 Bestiam
801 2189 929 2251 distabat
954 2209 971 2251 a
994 2189 1101 2253 Tolosa
1128 2209 1166 2250 m.
1191 2209 1219 2268 p.
1249 2190 1300 2251 XV
1326 2189 1452 2268 ideoque

337 2298 393 2356 sita
415 2302 478 2355 erat
499 2295 577 2353 inter
600 2293 742 2353 stationes
764 2291 800 2352 ad
823 2292 941 2353 Nonum
964 2298 993 2352 et
1015 2292 1051 2353 ad
1074 2294 1263 2353 Vicesimum.
1303 2291 1452 2352 Accedunt
1555 2347 1556 2376 3

335 2397 462 2456 sortasse
485 2395 669 2474 Aquitaniam
693 2411 798 2454 versus
820 2396 999 2455 mutationes
1022 2393 1058 2454 ad
1073 2393 1172 2454 lovem
1196 2393 1301 2473 (prope
1320 2389 1450 2470 000νί0),

337 2504 367 2558 01
388 2497 535 2558 Bucconis
559 2494 667 2576 (prope
689 2494 1099 2575 Ire-en-Jooretn‚napie)‚
1131 2514 1167 2555 ex
1188 2494 1297 2575 quibus
1318 2495 1371 2556 illa
1393 2494 1450 2562 Vll,
1555 2487 1556 2526 l

336 2594 409 2660 haec
430 2597 495 2659 XlV
517 2597 618 2674 leugas
641 2595 742 2658 aberat
763 2617 779 2658 a
802 2597 926 2666 Tolosa;
956 2597 1034 2676 quod
1058 2615 1128 2658 vero
1151 2596 1256 2675 leugae
1277 2596 1326 2656 hic
1349 2615 1450 2657 nume·

336 2708 457 2769 rantur,
480 2697 549 2759 inde
572 2718 633 2760 non
655 2697 851 2770 concluseris,
880 2698 953 2760 baec
981 2699 1040 2760 duo
1068 2698 1134 2760 loca
1161 2700 1219 2759 iam
1241 2700 1396 2777 pertinere
1418 2695 1451 2756 ad
1555 2687 1556 2770 ζ

335 2802 535 2879 Aquitaniam
564 2820 633 2862 nam
661 2819 728 2862 cum
751 2799 840 2879 longe
863 2803 989 2862 maxima
1016 2819 1086 2880 pars
1109 2803 1173 2862 eius
1195 2803 1258 2860 viae
1281 2806 1363 2861 esset
1383 2819 1451 2879 pro·

335 2905 448 2965 vinciae
476 2904 681 2982 Aquitanicae,
716 2908 822 2964 natura
854 2902 982 2973 serebat,
1016 2909 1050 2963 ut
1079 2902 1193 2980 reliqua
1226 2919 1346 2982 quoque
1375 2919 1450 2981 pars,

336 3006 451 3067 etiamsi
473 3004 675 3066 Narbonensis
698 3008 776 3074 erat,
806 3004 929 3065 candem
958 3012 1136 3082 sequeretur
1163 3003 1340 3065 numerandi
1363 3005 1451 3065 ratio·
1555 3019 1556 3060 f

334 3127 412 3168 nem.
459 3106 571 3167 Deinde
594 3105 672 3184 quod
696 3105 829 3166 eiusdem
852 3109 914 3168 viae
937 3108 1093 3167 stationem
1117 3104 1350 3168 Cobiomachum
1373 3124 1451 3166 com·

334 3216 480 3268 memorat
503 3209 606 3268 Cicero
631 3206 694 3286 (pro
717 3207 802 3268 Font.
823 3207 929 3288 9,19),
953 3207 1028 3269 baec
1050 3216 1100 3271 001
1122 3210 1181 3268 iam
1203 3226 1264 3269 non
1285 3213 1388 3287 potest
1408 3209 1451 3266 in·
1554 3217 1556 3296 ᾗ

334 3310 437 3379 dicari,
461 3315 511 3370 aut
534 3327 601 3369 cum
617 3309 801 3370 Mommseno
823 3328 879 3388 pro
896 3310 1087 3371 Cobiomacho
1108 3308 1266 3387 legendum
1290 3315 1335 3370 est
1357 3309 1451 3368 Ebru-
1555 3319 1556 3340 ³

334 3427 430 3486 mayn.
475 3410 572 3470 Locus
595 3409 722 3490 denique
738 3410 865 3482 Volcalo,
891 3429 976 3489 quam
999 3411 1102 3473 eadem
1117 3410 1277 3472 Fonteiano
1294 3412 1451 3471 stationem

332 3504 458 3591 portorii
481 3511 608 3582 exhibet,
631 3513 663 3573 in
686 3529 744 3590 qua
765 3514 934 3592 provinciae
950 3513 1140 3574 occidentalis
1154 3521 1240 3592 parte
1263 3513 1369 3583 luerit,
1395 3530 1452 3575 non
1555 3527 1556 3546 ³

333 3621 432 3693 potest
454 3613 616 3674 diiudicari.
629 3611 664 3691 18)

418 3715 582 3776 Ruscino
606 3715 714 3796 (Oostel
732 3716 900 3776 Roussilloa
915 3735 1009 3796 prope
1024 3712 1209 3794 Perptqaaa)
1231 3716 1365 3794 primum
1382 3734 1451 3777 con-

334 3822 390 3877 stat
417 3815 588 3877 attributam
616 3815 756 3878 habuisse
784 3816 941 3887 Illiberim,
972 3835 1059 3895 quem
1088 3821 1182 3878 vicum
1211 3835 1250 3877 m.
1274 3837 1303 3898 p.
1330 3818 1383 3879 Vll
1406 3837 1451 3878 re·

332 3925 446 3980 motum
469 3937 485 3978 0
507 3916 675 3979 Ruscinone
698 3918 802 3979 codem
823 3919 889 3980 loco
917 3920 1008 3981 inisse
1031 3919 1147 3990 volunt,
1177 3937 1235 3999 quo
1262 3927 1371 3998 postea
1399 3919 1454 3982 init
1555 3969 1556 3972 ,

333 4020 445 4081 Ηο1000
473 4018 523 4080 illa
552 4015 676 4102 (Eine),
705 4021 756 4081 ubi
779 4039 803 4081 a.
828 4039 857 4100 p.
882 4021 933 4083 uh.
959 4027 1020 4088 350
1047 4029 1184 4082 mortuus
1214 4025 1260 4082 est
1285 4023 1452 4102 imperator

333 4122 493 4190 Constans;
518 4121 663 4182 accedunt
685 4141 721 4182 ex
743 4123 901 4183 itinerariis
915 4125 1056 4185 stationes
1079 4121 1116 4184 ad
1132 4121 1286 4183 Stabulum
1310 4118 1451 4202 (Boutae)

401 4357 443 4420 18)
462 4358 519 4412 Cir.
536 4358 697 4410 Mommseni
716 4372 859 4411 excursum
878 4357 913 4409 ad
925 4359 1073 4410 editionem
1085 4358 1166 4410 huius
1185 4360 1318 4410 orationis
1332 4359 1370 4410 ab
1383 4359 1453 4410 Hal·
1554 4397 1556 4418 ,

333 4441 386 4491 mio
404 4443 567 4494 confectam.
