3184 5162
323 462 364 529 52
717 455 801 520 utus
822 461 842 518 1.
886 457 993 518 CAPVT
1015 456 1034 518 l.

323 637 390 692 sent
410 629 562 700 foederati,
587 646 675 691 neum
696 631 755 689 iam
777 630 806 690 in
830 648 863 690 ea
885 634 971 709 parte
994 621 1105 689 Calliae
1129 634 1206 697 erat,
1237 630 1440 707 3313313331-

322 735 405 796 nium
427 737 530 813 posset
552 749 703 794 exercere.
747 727 862 793 Deinde
884 747 1080 811 quaecunque
1100 725 1178 790 hello
1197 730 1337 792 subactae
1354 739 1442 792 eraut

323 835 464 904 civitates,
488 834 700 914 stipendiariae
721 831 816 894 factae
838 839 908 894 sunt
931 850 965 892 ea
980 833 1108 902 ratione,
1133 839 1165 894 ut
1186 851 1246 894 uou
1268 831 1365 894 solum
1387 853 1440 894 an·

321 955 381 998 uua
406 935 574 1017 penderent
601 935 764 1016 stipendia,
788 935 840 997 sed
863 936 951 997 etiam
974 934 1011 996 ad
1032 933 1109 996 bella
1132 933 1235 1014 populi
1262 934 1388 997 Romani
1411 940 1441 994 et

322 1038 448 1101 militum
471 1055 616 1100 numerus
644 1045 674 1098 31
696 1045 880 1100 commeatus
907 1037 1011 1115 quovis
1038 1041 1174 1115 tempore
1201 1039 1239 1098 iis
1260 1043 1362 1115 posset
1384 1038 1440 1098 im·

323 1143 423 1222 perari
450 1147 539 1218 atque
567 1139 624 1202 boc
656 1139 745 1202 modo
776 1157 871 1221 prope
902 1138 1111 1200 dediticiorum
1145 1138 1211 1201 loco
1244 1137 1438 1201 haberentur.

323 1243 405 1315 Quae
428 1241 645 1322 stipendiorum
668 1251 698 1304 et
719 1242 897 1306 auxiliorum
919 1242 996 1302 ratio
1018 1247 1205 1320 quantopere
1227 1243 1354 1303 rectoris
1368 1259 1440 1320 pro-

322 1346 436 1408 vinciae
466 1343 588 1406 arbitrio
619 1343 746 1406 obnoxia
775 1342 881 1411 luerit,
911 1341 992 1404 vides
1015 1361 1050 1402 ex
1072 1344 1124 1414 iis,
1154 1359 1230 1420 quae
1258 1343 1295 1404 de
1316 1343 1442 1404 Fonteio

322 1453 517 1526 propraetore
538 1447 632 1507 refert
654 1447 766 1508 Cicero.
775 1441 809 1525 34)
855 1445 914 1506 Sed
943 1453 976 1507 ut
1002 1446 1124 1506 omniuo
1152 1443 1244 1506 moris
1273 1451 1337 1505 erat
1364 1445 1442 1524 apud

322 1549 485 1618 Romanos,
517 1550 690 1610 varietatem
718 1547 866 1626 quandam
893 1547 968 1607 iuris
995 1547 1074 1608 inter
1101 1547 1247 1624 cuiusque
1270 1547 1442 1626 provinciae

300 1652 455 1711 civitates
477 1651 642 1720 instituere,
665 1651 707 1712 ita
728 1651 760 1710 in
783 1647 875 1710 Gallia
898 1664 1017 1728 quoque
1038 1649 1141 1718 fuisse,
1166 1663 1274 1726 quaec
1290 1649 1442 1708 communi

324 1755 474 1814 civitatum
490 1751 685 1814 barbararum
700 1758 781 1813 sorte
797 1758 951 1831 exemptae
967 1750 1091 1812 meliore
1106 1756 1265 1812 uterentur
1278 1751 1353 1819 iure,
1370 1768 1440 1831 pro-

323 1853 373 1916 bat
394 1855 524 1934 primum
548 1854 698 1916 Ciceronis
719 1853 769 1915 ille
791 1854 889 1924 loeus,
914 1869 973 1930 quo
996 1853 1151 1930 distinguit
1174 1871 1234 1923 eos,
1258 1855 1309 1933 qui
1331 1854 1442 1932 optima

322 1958 353 2018 in
377 1973 479 2018 caussa
502 1957 561 2018 sint
582 1955 620 2017 ab
642 1957 689 2027 iis,
713 1957 766 2034 qui
788 1955 867 2018 bello
890 1956 1023 2034 superati
1045 1961 1075 2014 et
1097 1957 1233 2034 oppressi
1255 1973 1311 2033 pro
1334 1954 1441 2014 dediti-

323 2061 377 2120 ciis
400 2060 460 2120 sint
481 2054 634 2136 habiti35),
658 2058 766 2138 probat
792 2057 899 2118 deinde
916 2053 1085 2135 exemplum
1107 2054 1233 2117 Tolosae
1248 2058 1361 2136 primae
1377 2063 1442 2116 tum

323 2162 448 2222 civitatis
476 2158 620 2233 Gallicae,
654 2177 742 2238 quam
771 2167 839 2220 ante
867 2159 1045 2237 Caepionem
1073 2157 1241 2238 praesidem
1270 2159 1442 2236 provinciae

323 2258 514 2323 ἔνσπονδον
535 2264 596 2323 sive
618 2261 799 2323 foederatam
827 2262 919 2322 fuisse
947 2267 1073 2322 testatur
1094 2255 1202 2340 llin³⁶l
1246 2259 1347 2320 Possis
1375 2261 1442 2336 qui-

323 2363 391 2424 dem
413 2362 550 2423 dubitare
573 2362 610 2423 de
632 2362 753 2423 foedere
768 2363 970 2426 Romanorum
993 2381 1061 2424 cum
1077 2359 1275 2432 Tolosatibus,
1299 2363 1440 2439 quioniam

322 2465 400 2524 idem
425 2465 554 2543 scriptor
577 2462 681 2524 eodem
704 2463 770 2524 loco
797 2463 834 2524 de
861 2463 1012 2544 praesidio
1040 2465 1113 2542 dicit
1143 2463 1270 2524 militum
1292 2464 1441 2525 Romano-

322 2585 390 2628 rum
412 2567 443 2626 13
470 2565 546 2627 urbe
568 2565 675 2654 Tolosa
705 2567 882 2634 constituto;
912 2584 979 2626 oum
1008 2585 1078 2626 vero
1106 2557 1213 2628 Tolosa
1242 2565 1380 2637 ultimum
1403 2565 1441 2625 ab

322 2667 378 2729 bac
399 2674 484 2748 parte
507 2673 587 2744 esset
608 2669 779 2747 provinciae
801 2667 942 2749 oppidum
965 2669 1154 2748 vicinumque
1177 2667 1335 2728 hostilibus
1351 2669 1441 2746 Aqui-

323 2770 420 2831 taniae
449 2768 633 2836 nationibus,
663 2769 728 2830 lieri
755 2770 865 2848 potuit,
895 2778 929 2831 31
950 2768 1060 2830 milites
1089 2769 1124 2830 ad
1152 2767 1279 2830 tuendos
1307 2769 1381 2828 fines
1408 2770 1442 2828 in

322 2873 388 2951 ipso
411 2870 520 2951 oppido
541 2871 760 2934 collocarentur
787 2890 885 2952 neque
907 2879 1007 2932 tarnen
1029 2873 1127 2932 minus
1149 2871 1343 2949 Tectosagum
1366 2887 1443 2948 gens

322 2973 493 3035 foederatae
523 2975 648 3036 civitatis
677 2973 821 3053 gauderet
850 2975 985 3044 nomine,
1026 2973 1115 3052 idque
1146 2992 1181 3033 33
1210 2974 1318 3051 magis,
1345 2972 1441 3050 quod,

323 3083 466 3155 utsupra
489 3079 680 3156 exposuimus
702 3095 762 3137 uon
785 3075 874 3146 bello,
901 3075 952 3136 sed
975 3073 1139 3136 voluntaria
1161 3075 1311 3136 deditione
1332 3075 1442 3136 lfoma-

323 3180 370 3239 uis
392 3196 425 3238 se
453 3175 616 3239 subiecisse
645 3179 781 3239 videntur
804 3177 919 3239 Volcae.
966 3178 1073 3240 Contra
1103 3177 1181 3256 qnod
1210 3176 1289 3256 apud
1310 3175 1442 3238 Plinium

322 3277 525 3341 Narbonensis
535 3281 706 3358 provinciae
718 3281 850 3340 civitates
860 3286 1067 3340 recensentem
1079 3279 1224 3340 foederati
1234 3278 1372 3340 dicuntur
1383 3280 1442 3338 Vo-

324 3381 423 3449 contii,
442 3397 518 3457 quae
537 3380 573 3442 ab
592 3379 683 3442 altera
695 3381 830 3444 Rhodani
842 3387 928 3461 parte
940 3382 1019 3444 circa
1031 3381 1161 3442 brunam
1176 3378 1305 3462 (Brome)
1318 3381 1442 3441 fluvium

323 3481 496 3543 considebat
517 3499 600 3561 gens,
623 3483 679 3546 hoc
696 3486 906 3545 Vocontiorum
929 3484 1034 3545 foedus
1055 3483 1124 3544 ideo
1145 3502 1205 3545 uon
1228 3483 1264 3544 ad
1286 3485 1442 3544 institutae

323 3585 453 3663 primurn
474 3586 644 3664 provinciae
667 3593 791 3648 aetatem
813 3586 1006 3648 referendum
1029 3603 1153 3655 censeo,
1177 3586 1245 3662 quia
1266 3587 1298 3645 in
1322 3585 1442 3646 Cicero-

323 3686 370 3746 uis
391 3703 447 3765 pro
468 3686 592 3749 Fonteio
615 3689 749 3748 oratione
777 3689 873 3767 agitur
902 3687 938 3748 de
967 3686 1046 3749 bello
1068 3687 1269 3748 Romanorum
1292 3705 1359 3748 cum
1383 3684 1442 3746 Vo-

391 4035 436 4108 34)
454 4041 513 4094 Cic.
528 4057 580 4107 pro
597 4043 679 4094 Font.
696 4041 719 4100 6,
740 4044 779 4097 13.

390 4141 434 4210 es)
452 4142 521 4194 nra.
541 4145 586 4208 12,
605 4145 645 4193 ne.

391 4243 435 4309 36)
454 4246 507 4296 Dio
524 4245 603 4312 frgm.
623 4248 656 4296 90
673 4245 763 4298 Beck:
785 4238 930 4298 leooonv
943 4241 1080 4310 πρότερον
1098 4240 1151 4312 μὲν
1170 4239 1330 4298 fennendor
1348 4232 1443 4300 οὖσαν

322 4331 383 4387 τοῖς
396 4319 555 4394 Ῥωμαίοις,
581 4322 797 4396 3333131333333Ι
815 4324 848 4380 db
871 4323 940 4395 πρὸς
962 4323 1014 4391 τὰς
1036 4329 1092 4382 τῶν
1110 4327 1244 4396 Κίμβρων
1262 4321 1383 4391 ἐλπίδας
1401 4323 1442 4392 ὡς

322 4409 371 4462 καὶ
391 4404 455 4468 τοὺς
473 4406 615 4477 φρουροὺς
633 4413 769 4481 δεθῆναι.
873 4451 876 4455 ,
