3154 5162
530 475 614 532 PARS
635 477 653 533 1.
698 476 803 533 clrvr
824 481 844 534 1.
1200 481 1239 543 73

122 644 279 706 cietatibus
307 645 401 705 iuncti
429 649 602 723 postquam,
631 643 773 722 quidquid
801 647 865 722 agri
892 644 1003 724 publici
1017 647 1061 705 'in
1088 648 1240 725 provincia

121 745 290 816 locabatur,
321 752 516 826 occuparant,
553 745 695 823 quidquid
725 745 760 806 ab
789 745 935 824 indigenis
965 765 1034 807 aere
1061 747 1157 809 alieno
1187 768 1238 828 op·

120 849 233 928 pressis
265 851 350 928 parvi
383 849 548 926 comparari
574 853 705 927 poterat,
740 853 925 919 coemerant,
961 849 1039 909 idem
1071 848 1239 912 latilundio·

121 969 189 1012 rum
211 949 330 1011 malum.
351 952 383 1011 in
409 951 591 1028 provinciam
621 955 706 1010 erant
733 953 941 1030 propagaturi,
975 969 1032 1029 quc
1055 951 1168 1012 Plinius
1196 952 1238 1012 di-

121 1053 161 1114 cit
187 1052 337 1132 perditam
367 1069 432 1112 esse
459 1051 586 1119 ltaliam;
618 1070 687 1112 uam
714 1053 869 1131 proprium
897 1060 960 1114 erat
987 1053 1131 1114 eiusmodi
1153 1072 1238 1134 prae·

122 1155 256 1223 diorum,
293 1159 327 1214 ut
359 1173 420 1214 non
453 1153 489 1214 ab
524 1151 661 1232 agricolis
695 1154 833 1231 ingenuis
871 1155 922 1214 sed
960 1173 1115 1217 servorum
1142 1148 1240 1216 'manu

121 1256 304 1326 colerentur,
328 1262 378 1316 aut
400 1255 430 1315 id
453 1255 532 1332 quod
554 1255 640 1334 peius
656 1261 727 1326 erat,
747 1262 793 1325 nt,
817 1274 892 1335 quos
911 1273 998 1334 agros
1013 1254 1241 1318 Massiliensium

121 1356 261 1437 exemplo
289 1356 445 1435 indigenae
473 1359 530 1418 rite
558 1375 643 1417 arare
673 1363 702 1418 et
725 1376 885 1419 conserere
912 1364 1085 1438 coeperant,
1113 1360 1134 1419 11
1162 1378 1240 1421 1111113

121 1467 222 1520 aratro
239 1465 269 1519 et
293 1458 399 1520 vitibus
422 1443 559 1520 subducti
581 1477 760 1538 pascuorum
785 1477 888 1521 caussa
909 1461 940 1520 in
956 1459 1074 1521 deserta
1089 1468 1240 1522 mutaren-

119 1569 178 1623 tur.
227 1563 264 1622 nt
291 1562 321 1620 in
351 1579 386 1620 eo
414 1568 478 1622 erat
506 1559 585 1620 salus
607 1563 790 1640 provinciae,
819 1561 899 1640 quod
927 1568 989 1623 tum
1018 1562 1137 1639 quidem
1165 1581 1240 1642 quae

119 1661 213 1724 saltus
237 1679 384 1741 agrosque
413 1661 597 1742 occupabant
625 1664 781 1724 societates
809 1665 916 1726 civium
938 1664 1141 1726 Romanorum
1163 1665 1241 1729 haud

120 1764 211 1827 dubie
234 1765 267 1825 in
289 1763 448 1825 Volcarum
475 1766 554 1842 agris
582 1771 611 1825 31
632 1764 780 1826 Narbonis
808 1765 940 1826 coloniae
967 1767 1072 1828 vicinia
1102 1787 1134 1829 se
1157 1775 1240 1829 tene·

119 1867 207 1937 hant,
238 1873 341 1946 utpote
363 1885 440 1947 quae
462 1868 545 1945 regio
574 1872 604 1926 et
624 1867 805 1928 fertilissima
833 1869 924 1927 totius
946 1870 1114 1947 provinciae
1138 1877 1168 1930 et
1188 1889 1239 1949 pa·

3 1959 5 1970 ’
69 2020 75 2026 ,
120 1969 216 2029 catior
239 1969 391 2046 tutiorque
415 1975 494 2029 esset
517 1985 605 2045 quam
627 1967 760 2046 reliquae
782 1975 893 2046 partes.
941 1969 1049 2031 Contra
1071 1989 1177 2048 magna
1191 1971 1239 2032 illa

119 2073 269 2132 montium
283 2070 513 2150 Subalpinorum
530 2072 613 2148 regio
629 2072 700 2131 satis
714 2069 825 2140 habuit,
849 2090 867 2166 q
884 2069 1049 2150 publicanis
1065 2079 1095 2132 et
1110 2075 1239 2150 negotia·

118 2173 238 2234 toribus
254 2175 368 2242 vexari,
388 2177 417 2232 et
433 2189 611 2251 quamquam
631 2171 720 2232 huius
743 2189 862 2250 quoque
880 2175 973 2252 partis
990 2174 1121 2235 civitates
1137 2174 1172 2235 ad
1188 2194 1240 2254 pe-

119 2275 217 2336 ditum
241 2276 435 2355 equitumque
463 2276 578 2354 3311133,
609 2291 684 2351 quae
711 2275 880 2354 provinciae
908 2274 1150 2354 imperabantur,
1181 2297 1241 2339 non

118 2379 275 2438 minimam
297 2384 413 2457 partem
437 2375 628 2437 contribuere
651 2375 848 2453 cogebantur,
871 2384 971 2438 tamen
994 2377 1145 2440 Ciceronis
1168 2397 1240 2458 quo·

119 2497 180 2559 que
203 2484 300 2540 aetate
323 2477 481 2539 admodum
505 2495 682 2539 numerosae
704 2477 842 2540 videntur
864 2480 964 2540 luisse.
1006 2505 1009 2511 ·

208 2581 263 2642 Cui
278 2581 449 2660 provinciae
464 2577 677 2658 Transalpinae
693 2580 748 2641 sub
764 2581 956 2660 optimatibus
971 2575 1105 2660 imagini,
1124 2582 1242 2660 qualem

119 2702 156 2743 ex
182 2683 327 2744 Cicerone
349 2683 537 2762 potissimum
560 2681 794 2761 desumpsimus,
826 2684 944 2744 obstare
973 2683 1094 2761 quidem
1118 2685 1242 2755 videtur,

119 2785 202 2864 quod
226 2803 294 2845 cum
317 2784 483 2846 advenisset
497 2786 528 2844 in
546 2783 596 2844 1113
612 2785 734 2861 regione
751 2783 867 2854 Caesar,
885 2785 922 2845 de
937 2784 1018 2845 cultu
1034 2792 1122 2865 atque
1137 2786 1240 2848 huma-

118 2889 214 2949 nitate
229 2887 400 2966 provinciae
421 2885 564 2964 loquitur.
610 2886 646 2947 vlt
669 2887 804 2946 semitam
818 2885 899 2946 illam
916 2885 1043 2956 Galliae,
1069 2904 1158 2964 quam
1179 2895 1242 2949 tum

118 2988 265 3050 tenebant
279 2986 415 3057 Romani,
440 2987 478 3048 ob
494 2987 714 3049 multitudinem
737 2988 844 3048 civium
859 2987 1071 3058 Romanorum,
1096 2988 1133 3049 ob
1152 2990 1242 3050 Grae-

119 3109 226 3166 carum
255 3091 405 3150 civitatum
433 3089 550 3150 divitias
580 3094 609 3148 et
641 3088 825 3173 humanioris
861 3092 936 3150 vitae
964 3087 1169 3168 splendorem,
1205 3092 1242 3152 ob

119 3193 255 3270 linguam
279 3190 412 3252 Latinam
440 3210 495 3271 per
522 3193 693 3252 comm-ercii
721 3210 810 3252 usum
841 3199 869 3252 et
896 3190 1103 3268 indigenarum
1131 3195 1162 3253 in
1185 3193 1241 3254 llo-

118 3296 220 3355 manis
248 3292 429 3354 exercitibus
457 3293 591 3354 militiam
618 3294 697 3353 inter
719 3293 916 3373 provinciales
938 3293 1084 3371 vulgatam
1113 3297 1244 3373 speciem

118 3395 272 3477 quandam
296 3384 503 3472 cultus'atqne
525 3393 717 3456 humanitatis
739 3413 816 3456 novo
838 3395 969 3476 praesidi
992 3394 1151 3467 obtulisse,
1177 3400 1243 3475 quis

117 3499 294 3576 negaverit?
338 3496 463 3558 Laetum
492 3498 556 3558 sine
587 3495 677 3557 dubio
705 3505 859 3576 aspectum
880 3497 1065 3578 praebebant
1088 3517 1164 3580 quae
1186 3518 1241 3579 per

118 3619 207 3662 oram
230 3601 408 3665 maritimam
431 3601 485 3660 sita
509 3605 595 3660 erant
617 3600 725 3679 oppida
747 3600 877 3661 advenae
901 3619 936 3661 ex
959 3598 1040 3660 ltalia
1061 3599 1192 3671 advecto,
1217 3604 1242 3662 si

117 3701 311 3784 palliatorum
335 3701 520 3762 Graecorum
549 3700 667 3762 videbat
694 3701 854 3780 agilitatem
885 3709 914 3764 et
936 3704 1078 3763 mercium
1104 3706 1243 3764 exomni

117 3813 205 3866 terra
228 3802 383 3866 allatarum
407 3803 632 3873 abundantiam,
664 3806 689 3864 si
710 3806 790 3865 inter
814 3811 928 3882 togatos
950 3804 1099 3866 Narbonis
1122 3805 1243 3867 colonos

118 3905 258 3968 Romano
282 3908 423 3975 sermoni,
447 3906 599 3968 Romanae
617 3905 799 3986 disciplinae,
823 3905 965 3968 Romanis
980 3907 1114 3968 moribus
1137 3927 1240 3969 occur·

118 4009 218 4078 rebat,
243 4011 321 4070 siin
346 4009 451 4069 eodem
473 4008 612 4070 Narbone
641 4009 848 4071 braccatorum
878 4014 1106 4087 sagatorumque
1128 4007 1240 4086 indige·
1316 4077 1318 4082 ,

118 4128 230 4198 narum
256 4109 492 4182 multitudinem,
528 4111 601 4188 quin
630 4113 717 4173 etiam
745 4117 928 4172 comatorum
956 4109 1108 4170 Gallorum
1136 4109 1242 4171 rudem

119 4211 242 4272 videbat
273 4211 434 4290 populum,
468 4213 520 4292 qui
552 4211 737 4274 Britannicas
770 4230 886 4273 merces
920 4230 955 4272 31
989 4210 1242 4289 septentrionibus

120 4312 318 4379 advexerant;
357 4320 386 4373 at
423 4321 565 4390 quantum
603 4314 767 4392 discrepuit
803 4313 839 4374 ab
875 4313 931 4373 hoc
958 4318 1080 4391 aspectu
1117 4313 1239 4372 interio-

119 4416 164 4482 ris
192 4420 292 4478 terrae
322 4413 472 4488 condicio,
501 4415 553 4476 uhi
579 4434 634 4499 per
665 4433 753 4477 omne
781 4413 855 4475 illud
884 4411 1082 4475 fertilissimae
1110 4415 1241 4494 regionis
