3154 5162
257 417 297 479 72
653 411 738 468 Plus
760 410 778 466 l.
823 408 929 465 GAPV'l'
951 409 970 466 l.

257 583 398 644 nancisci.
445 579 557 641 Deinde
581 581 607 641 si
629 586 730 640 cetera
751 576 954 638 Romanorum
974 579 1006 639 iu
1028 579 1178 657 provincia
1200 580 1308 638 civium
1325 595 1379 656 ge-

258 702 332 746 nera
355 681 607 752 consideraveris,
632 681 704 759 quid
726 679 763 740 ad
786 677 985 741 conciliandos
1009 698 1077 740 cum
1098 677 1240 742 Romanis
1261 681 1379 759 indige·

257 805 326 855 uas,
353 783 389 846 ad
411 783 635 865 propagandum
658 784 786 844 nominis
808 780 934 842 Romani
956 780 1103 842 honorem
1132 782 1379 845 contribuerunt?

257 887 356 949 Habes
378 887 508 966 primum
530 883 707 965 publicanos
735 886 796 945 sive
825 901 929 944 eorum
953 885 1124 950 societates,
1153 885 1205 962 qui
1233 884 1380 962 exigenda

256 989 376 1070 publica
397 988 568 1069 provinciae
595 986 763 1064 vectigalia,
792 985 993 1065 apportandos
1023 985 1202 1046 exercitibus
1230 1003 1378 1046 commea-

258 1099 322 1162 tus,
346 1089 527 1171 perficienda
550 1107 641 1169 opera
664 1087 783 1167 publica
805 1086 941 1148 solebant
969 1087 1143 1148 conducere.
1189 1087 1251 1148 liae
1279 1095 1381 1149 autem

259 1195 392 1272 equitum
420 1192 622 1253 Romanorum
651 1193 807 1252 societates
842 1197 969 1268 quantae
1002 1188 1233 1269 provincialibus
1265 1191 1383 1252 luerint

259 1295 428 1366 calamitati,
452 1294 521 1373 quid
545 1302 590 1354 est
612 1293 690 1372 quod
707 1292 829 1354 uberius
844 1309 1071 1370 persequamur,-
1095 1311 1163 1352 curn
1180 1293 1259 1353 inter
1274 1309 1381 1352 ornnes

260 1404 377 1460 constet
407 1404 437 1458 et
464 1394 565 1458 Livius
598 1397 681 1474 ipsos
710 1401 863 1456 senatores
889 1392 1040 1454 Romanos
1073 1393 1206 1455 dicentes
1234 1391 1379 1472 faciat⁸⁸l,

259 1498 311 1559 ubi
333 1517 391 1579 qua
414 1499 445 1558 in
467 1498 617 1577 provincia
639 1494 814 1576 publicanus
836 1498 883 1566 sit,
906 1495 948 1556 ibi
970 1503 1020 1556 ant
1035 1498 1081 1558 ius
1096 1494 1249 1575 publicum
1270 1514 1382 1556 vanum

260 1607 311 1661 aut
331 1600 501 1662 libertatem
524 1599 611 1660 sociis
634 1597 744 1659 nullam
768 1617 844 1658 esse.
890 1597 1003 1659 Deinde
1031 1603 1064 1658 ut
1086 1615 1246 1679 pergamus
1268 1599 1304 1660 ad
1326 1617 1381 1658 ne·

260 1703 437 1780 gotiatores,
467 1703 577 1778 quiex
604 1699 687 1763 ltalia
710 1700 903 1770 advenerant,
935 1701 960 1760 si
989 1701 1093 1761 Cicero
1122 1700 1208 1770 dicit,
1238 1702 1383 1762 relectam

261 1823 327 1864 esse
357 1801 481 1864 Galliam
509 1804 729 1880 negotiatorum
766 1805 873 1863 civium
901 1802 1120 1872 Romanorum,
1149 1819 1247 1880 neque
1274 1821 1380 1883 quom·

261 1924 349 1984 quarn
379 1904 532 1966 Gallorum
565 1907 628 1965 sine
662 1907 723 1965 cive
756 1902 890 1966 Romano
925 1904 1085 1985 quidquam
1118 1906 1230 1983 negotii
1263 1921 1381 1982 gerere,

261 2025 417 2070 nummum
439 2009 469 2069 in
487 2005 579 2068 Gallia
601 2005 716 2068 nullum
739 2008 803 2067 sine
826 2008 933 2067 civium
948 2007 1153 2068 Romanorum
1175 2005 1283 2068 tabulis
1298 2025 1381 2066 com-

261 2112 388 2180 moveri,
412 2108 461 2170 bic
477 2115 537 2178 est,
557 2108 608 2170 ubi
624 2127 757 2170 caussam
774 2125 899 2186 quaeras
915 2127 1124 2188 oppressarum
1140 2127 1210 2169 aere
1226 2107 1321 2169 alieno
1338 2109 1382 2167 ci-

260 2215 392 2282 vitatum,
411 2229 626 2291 oppressorum
640 2209 793 2272 bominum
808 2212 1000 2290 privatorum,
1021 2229 1154 2274 caussam
1171 2210 1381 2279 rebellionum,

262 2333 336 2394 quas
351 2313 460 2375 Volcae
476 2319 582 2374 contra
597 2313 770 2381 Fonteium,
786 2311 961 2391 Allobroges
977 2321 1081 2374 contra
1095 2314 1210 2375 Fonteii
1226 2333 1382 2376 successo·

261 2436 311 2477 res
333 2424 498 2476 moverunt.
545 2414 678 2475 Vidimus
701 2413 875 2475 Ciceronem
898 2415 934 2474 de
962 2423 1102 2495 praetore
1124 2415 1247 2477 Murena
1269 2415 1383 2485 dicere,

262 2521 340 2579 cives
354 2515 506 2578 Romanos
529 2515 701 2595 desperatas
723 2517 781 2578 iam
803 2517 945 2595 pecunias
967 2515 1048 2579 illius
1071 2535 1128 2597 ope
1148 2519 1298 2596 exegisse;
1321 2518 1382 2577 iam

261 2638 343 2689 vero,
368 2620 467 2698 siquo
487 2625 623 2698 tempore
645 2617 689 2678 illi
712 2620 923 2696 negotiatores,
947 2620 997 2698 qui
1020 2619 1211 2680 omnimodo
1234 2621 1383 2699 apraesi·

261 2720 349 2783 dibus
372 2719 506 2782 solebant
528 2718 668 2790 adiuvari,
693 2739 728 2780 eo
752 2726 837 2781 erant
858 2720 979 2789 redacti,
1003 2727 1036 2781 ut
1057 2720 1094 2781 de
1116 2721 1269 2799 exigendis
1290 2739 1383 2800 pecu-

262 2825 319 2885 niis
342 2823 553 2904 desperarent,
583 2839 658 2900 quae
682 2821 784 2883 debuit
812 2841 878 2884 esse
906 2824 1041 2902 ipsorum
1063 2823 1287 2902 provincialium
1308 2840 1382 2884 con-

262 2927 356 2988 dicio‘l

347 3028 457 3088 Verum
480 3043 577 3106 neque
603 3025 755 3106 publicani
783 3043 882 3104 neque
910 3028 1110 3104 negotiatores
1139 3034 1252 3089 tantum
1282 3027 1385 3088 damni

261 3127 430 3191 inferebant
455 3127 625 3189 nationibus
652 3127 813 3206 indigenis,
844 3136 987 3208 quantum
1014 3129 1161 3208 agricolae
1185 3137 1214 3191 et
1234 3131 1381 3209 pecuaril,

262 3233 312 3311 qui
339 3232 411 3290 item
435 3228 567 3306 legiones
596 3229 745 3290 Romanas
768 3248 804 3290 ex
827 3229 908 3292 ltalia
932 3232 1141 3308 sequebantur.
1189 3232 1322 3309 Namque
1355 3234 1384 3290 si

262 3350 323 3394 non
347 3329 443 3391 solum
465 3330 590 3391 Romani
613 3332 731 3410 imperii
757 3333 937 3393 tutissimum
959 3333 1201 3403 fundamentum,
1231 3333 1282 3394 sed
1310 3352 1383 3412 pro-

264 3434 426 3510 vinciarum
451 3448 568 3509 quoque
591 3431 671 3492 salus
693 3435 725 3493 in
749 3419 783 3494 eo
808 3440 885 3503 erat,
910 3441 944 3494 ut
966 3435 1045 3511 quod
1067 3434 1164 3513 gladio
1187 3435 1273 3496 miles
1294 3453 1383 3514 para-

264 3542 319 3604 rat,
344 3532 467 3594 colonus
484 3541 582 3595 aratro
604 3541 730 3602 teneret,
755 3534 874 3597 illorum
891 3542 1042 3597 aratorum
1059 3545 1088 3597 at
1102 3539 1319 3616 pecuariorum,
1343 3536 1385 3597 da

264 3636 373 3715 quibus
396 3635 499 3695 Cicero
523 3637 596 3712 agit,
626 3654 752 3714 prorsus
779 3637 835 3700 alia
859 3645 921 3701 erat
943 3639 1027 3698 ratio.
1075 3638 1164 3700 Cuius
1186 3639 1305 3716 generis
1326 3638 1387 3698 luit

264 3739 294 3799 C.
318 3735 369 3796 ille
392 3735 562 3807 Quinctius,
592 3753 680 3814 quem
708 3737 787 3798 idem
810 3735 957 3817 Cicero⁸9l
986 3739 1056 3800 dicit
1084 3758 1151 3800 cum
1174 3740 1282 3801 Naevio
1304 3757 1386 3818 quo·

263 3839 331 3900 dam
355 3838 525 3898 societatem
548 3856 651 3899 earum
674 3857 777 3899 rerum
799 3840 922 3909 iecisse,
953 3858 1030 3918 quae
1058 3843 1089 3900 in
1113 3839 1205 3902 Gallia
1228 3859 1387 3920 compara-

262 3943 380 4021 bantur,
404 3937 544 4000 babuisse
561 3949 660 4002 autem
675 3943 845 4021 pecuariam
860 3961 925 4003 rem
948 3943 1075 4022 amplam
1097 3951 1127 4006 et
1146 3943 1288 4006 rusticam
1303 3942 1388 4005 bene

264 4043 374 4106 cultam
398 4045 427 4099 et
449 4041 640 4104 fructuosam.
688 4044 745 4115 Qui
767 4042 903 4105 bomines
926 4046 988 4104 sive
1011 4044 1120 4123 singuli
1142 4052 1226 4107 crant
1247 4046 1310 4105 sive
1333 4065 1387 4106 so-

332 4275 375 4340 88)
394 4277 455 4327 Liv.
474 4278 520 4341 45,
542 4280 582 4332 18.

332 4359 376 4427 89)
396 4361 454 4412 cie.
473 4379 521 4430 pro
541 4364 684 4426 Quinctio,
704 4369 733 4427 3,
755 4367 793 4416 12.
