3148 5160
509 475 595 535 PARS
618 479 657 536 11„
694 479 799 536 tlrvr
820 480 850 536 11.
1178 481 1238 544 189

121 643 255 726 publicos
277 663 350 705 usus
373 646 547 713 constituta,
577 647 675 724 primo
703 645 769 715 loco
799 647 956 707 societates
984 647 1077 708 luisse
1106 647 1193 707 initas
1223 665 1239 706 a

122 746 226 817 labris,
251 747 349 807 nautis
372 745 498 824 aliisque
521 748 595 807 eius·
607 749 727 824 generis
743 747 900 826 opificibus
916 750 1085 808 communis
1098 756 1240 825 quaestus

70 923 77 936 ἱ
121 848 246 910 faciendi
269 866 388 917 333333,
414 865 470 925 qua
493 851 608 909 ratione
631 850 748 909 iunctae
778 852 947 911 tenuiorum
975 852 1118 929 pecuniae
1147 851 1238 910 vires-

123 967 179 1026 que
202 949 282 1010 idem
305 949 474 1019 3111331331,
500 951 577 1028 quod
602 950 678 1030 apud
695 970 750 1012 333
767 952 899 1011 31131331
914 951 1100 1029 singulorum
1116 968 1239 1029 magnae

121 1050 456 1128 labricaemagnaeque
479 1055 633 1130 pecuniae.
679 1053 938 1114 Eaedem'deinde
961 1055 1131 1122 societates,
1163 1055 1240 1113 sicut
1321 1099 1323 1105 .

122 1151 174 1213 alia
198 1153 369 1213 tenuiorum
398 1151 553 1214 hominum
580 1173 691 1232 genera
718 1157 783 1234 pari
810 1157 886 1216 vitae
914 1157 1029 1216 ratione
1059 1156 1238 1224 iunctorum,

119 1255 149 1314 in
183 1253 300 1332 collegii
333 1254 502 1316 funeratioii
535 1273 654 1336 quoque
688 1257 813 1316 13113313
849 1256 981 1326 coibant,
1023 1274 1118 1334 eoque
1140 1256 1239 1338 [modo

121 1356 155 1416 ad
185 1357 360 1416 societatem
388 1366 527 1432 quaestus
555 1358 683 1419 13313311
710 1378 815 1420 caussa
844 1360 1010 1419 institutam
1039 1377 1103 1418 earn
1131 1377 1238 1438 perpe·

120 1463 198 1519 tuam
231 1457 359 1518 coeundi
388 1476 522 1521 caussam
543 1460 778 1534 transferebant,
808 1479 884 1540 quae
907 1459 957 1520 illo
986 1468 1121 1544 tempore
1145 1463 1239 1521 omni·

120 1558 174 1626 bus
212 1561 383 1620 tenuiorum
420 1560 582 1637 generibus
620 1564 785 1622 communis
817 1569 880 1622 erat
910 1570 939 1622 31
968 1561 1083 1640 legibus
1117 1565 1238 1623 sancita.

121 1661 242 1724 Constat
271 1663 401 1722 extitisse
431 1661 552 1741 collegia
584 1664 721 1743 opiticum
751 1666 808 1724 iam
837 1664 942 1742 primis
970 1663 1152 1742 reipublicae
1181 1652 1240 1726 Ro·

119 1783 225 1824 manae
258 1763 445 1843 temporibus
478 1771 548 1826 3313
581 1765 647 1831 31111Ι
671 1768 792 1828 3331133
822 1765 1016 1842 collegiorum
1045 1767 1173 1828 Numae:
1209 1768 1240 1825 in

119 1865 163 1944 bis
198 1863 317 1945 priscisff
339 1864 471 1943 collegiis
502 1869 628 1929 societas
657 1868 797 1946 opiticum
832 1885 867 1926 eo
902 1866 1024 1927 consilio
1056 1875 1119 1927 erat
1151 1868 1238 1928 insti·

118 1974 196 2036 1313,
221 1975 254 2029 111
277 1969 349 2028 31113
371 1969 446 2028 13113
470 1975 499 2028 31
522 1969 675 2030 commoda
698 1970 783 2049 quasi
804 1987 859 2048 per
883 1987 989 2028 manus
1013 1973 1162 2029 sociorum
1185 1987 1238 2047 po-

119 2071 207 2130 steris
240 2068 433 2130 traderentur
466 2069 555 2131 simili
592 2071 680 2130 modo
714 2077 802 2148 atque
835 2069 926 2130 medii
959 2072 1022 2130 3311
1055 2068 1241 2149 temporibus

117 2189 171 2249 per
208 2173 307 2231 omnia
343 2171 450 2250 oppida
491 2173 614 2234 formari
648 2172 784 2232 solebant
817 2170 940 2248 collegia
974 2172 1128 2251 opificum,
1165 2187 1241 2247 111133

119 2274 191 2334 31113
218 2274 366 2333 rationem
395 2273 580 2335 custodirent
607 2280 636 2333 31
663 2275 794 2353 posteris
822 2273 878 2332 rite
906 2274 1067 2333 traderent.
1114 2272 1157 2334 lh
1186 2271 1242 2332 1133

119 2391 225 2435 caussa
248 2372 342 2434 aliena
366 2381 451 2434 31331
473 2374 596 2452 collegia
620 2377 725 2435 aetatis
752 2376 979 2454 imperatoriae,
1015 2394 1072 2455 qna
1101 2375 1242 2435 nontam

118 2476 264 2553 agebatur
301 2475 337 2535 de
375 2495 483 2537 arcano
520 2477 592 2537 artis
625 2476 799 2536 difficilioris
832 2477 1025 2537 custodiendo
1059 2484 1088 2536 et
1120 2495 1242 2538 conser-

118 2577 232 2638 vando:
261 2579 352 2636 immo
382 2577 435 2638 has
462 2580 645 2657 posteriores
675 2581 831 2640 societates
859 2579 1022 2665 contuleris
1050 2581 1150 2658 potius
1174 2597 1242 2640 cum

117 2681 214 2740 nostri
237 2680 381 2757 temporis
410 2680 524 2748 studio,
553 2680 724 2757 ubicunque
754 2680 789 2740 ad
817 2683 958 2741 maiorem
988 2699 1053 2741 rem
1081 2681 1265 2758 gerendam

118 2783 291 2842 tenuiorum
315 2781 394 2840 vires
418 2791 571 2860 separatae
594 2776 656 2842 non¹
670 2782 834 2850 3311131331,
860 2784 1016 2842 3331313133
1032 2783 1127 2842 mutui
1143 2781 1243 2851 auxilii

117 2901 225 2943 caussa
248 2881 379 2941 ineundi.
426 2882 564 2942 Ceterum
589 2885 697 2952 131331,
722 2891 802 2943 33113
824 2883 1015 2953 documenta,
1040 2882 1148 2958 quibus
1169 2882 1242 2943 haec

117 2983 154 3044 de
184 2983 326 3062 opificum
355 2985 565 3062 imperatoriae
599 2987 704 3045 aetatis
738 2983 869 3061 collegiis
903 2985 1003 3063 opinio
1038 2984 1239 3060 confirmetur,

116 3085 243 3154 deesse,
273 3103 328 3144 nec
356 3086 413 3145 3131
442 3086 524 3155 ideo,
557 3086 636 3162 quod
660 3085 804 3165 quaedam
827 3092 941 3145 1331331
969 3086 1108 3164 opiticum
1131 3102 1241 3162 genera

115 3187 242 3264 collegii
262 3186 358 3246 forma
382 3187 500 3247 coibant
523 3205 616 3265 eaque
632 3187 795 3249 multorum
812 3186 923 3247 viribus
938 3189 1021 3255 31113,
1045 3206 1092 3248 133
1114 3187 1242 3249 31111333

114 3291 163 3349 rei
186 3289 407 3368 expositionem
431 3308 497 3348 3333
520 3288 689 3350 adductum.
738 3291 876 3350 Ceterum
900 3289 980 3366 quod
1003 3308 1100 3370 neque
1122 3290 1153 3349 in
1175 3290 1241 3350 133-

54 3440 64 3461 .
114 3391 198 3452 tibus
222 3390 298 3450 iuris
320 3387 445 3450 Romani
469 3408 566 3470 neque
589 3393 619 3452 13
642 3391 882 3470 inscriptionibus
910 3391 983 3453 haec
1005 3410 1240 3453 commemoran-

114 3500 181 3562 tur,
207 3509 244 3552 re
273 3490 443 3569 diligentius
469 3500 628 3572 perspecta
651 3512 712 3553 non
738 3495 865 3553 mireris.
881 3488 917 3570 88)
962 3492 1037 3554 luris
1060 3496 1139 3554 33131
1165 3495 1242 3554 13113

114 3594 256 3672 collegiis
277 3592 350 3662 illis,
376 3601 522 3669 quatenus
545 3595 702 3655 societates
725 3602 810 3655 erant
838 3597 1009 3655 commercii
1032 3615 1135 3657 caussa
1158 3598 1241 3657 insti·

114 3704 221 3764 13133,
246 3714 372 3776 prorsus
396 3695 498 3756 eadem
523 3703 586 3756 erat
609 3703 696 3773 atque
719 3695 858 3756 omnibus
886 3695 1010 3774 reliquis
1040 3698 1241 3768 societatibus,

113 3799 333 3876 inscriptiones
355 3804 454 3858 antem
477 3797 514 3856 de
536 3797 583 3858 his
605 3805 704 3858 tacent
726 3815 820 3875 aeque
843 3817 876 3860 ac
899 3799 935 3858 de
958 3800 1096 3861 omnibus
1118 3799 1242 3876 reliquis

185 4001 235 4064 88)
256 4001 384 4051 Ceterum
401 4001 478 4051 locus
497 4001 608 4065 quidem
626 4003 802 4066 Digestorum
821 4001 849 4064 (l.
863 4003 887 4052 5.
906 4003 929 4062 §-
943 4004 975 4052 52
995 4001 1027 4054 de
1040 4003 1090 4052 iur.
1108 4003 1241 4052 immunit.

116 4085 173 4154 [tu
193 4083 253 4151 6]),
273 4087 321 4136 ubi
340 4095 373 4136 ea
392 4085 513 4151 collegia
532 4101 548 4135 3
567 4086 683 4151 reliquis
702 4085 919 4151 distinguuntur,
939 4087 1071 4152 inquibus
1083 4087 1188 4149 artificii
1202 4091 1244 4136 eui

112 4187 213 4224 caussa
232 4173 402 4236 unusquisque
419 4173 566 4232 assumitur,
585 4178 622 4229 ut¹
633 4171 765 4234 fabrorum
788 4187 880 4234 corpus
898 4179 949 4231 est,
973 4170 1083 4220 videtur
1104 4170 1242 4235 duplicem

112 4258 249 4308 indicare
269 4256 386 4305 coeundi
404 4256 541 4305 rationem
561 4269 757 4318 caussamque,
778 4269 947 4304 communem
970 4255 1095 4304 omnibus
1114 4255 1242 4322 collegiis

111 4357 172 4394 rem
198 4340 387 4404 funerariam,
412 4340 582 4405 peculiarem
613 4340 793 4404 collegiorum
821 4337 958 4388 artificum
980 4339 1099 4405 positum
1125 4341 1155 4389 in
1181 4341 1241 4407 ipso

114 4426 252 4478 artifieio.
