3154 5162
554 471 637 531 etus
659 474 679 532 1ἰ
723 475 829 532 GAPV'l
849 477 872 534 l.
1225 483 1267 548 67

145 643 185 704 74
207 635 298 698 rediit
323 637 356 698 in
384 636 507 700 Galliam
536 639 712 720 Pompeius,
744 650 776 703 ut
801 639 927 705 hiberna
954 642 996 705 ibi
1022 643 1162 717 baberet,
1191 647 1267 710 adde

143 739 224 816 qnod
246 740 326 802 idem
349 738 400 800 ille
420 737 574 812 Fonteius,
598 746 704 805 merito
727 743 848 816 seilicet,
873 747 1122 819 etiamsilrustra,
1144 749 1267 812 adallis

143 849 248 920 postea
269 842 506 922 repetundarum
527 852 684 906 accusatus
707 853 768 917 est,
799 854 832 908 ut
859 849 911 924 qui
933 865 1002 910 aere
1025 849 1121 912 meno
1143 854 1264 930 provin·

143 945 220 1006 ciam
247 943 463 1024 oppressisset,
496 953 653 1026 praetentu
682 949 795 1010 viarum
822 950 996 1012 munitionis
1025 960 1179 1029 quaestum
1206 956 1264 1014 ini-

143 1063 238 1123 quum
260 1047 393 1117 lecisset,
421 1049 531 1110 ‘iniusta
554 1050 687 1128 portoria
710 1052 871 1128 exegisset,
900 1053 1053 1123 iniustum,
1083 1054 1263 1126 dividetur,

143 1156 248 1210 contra
269 1150 429 1211 Vocontios
456 1149 569 1212 bellum
596 1153 753 1230 gessisset,
781 1155 814 1213 in
836 1153 1030 1234 disponendis
1057 1155 1183 1219 unitum
1205 1157 1264 1218 lto·

143 1268 303 1312 manorum
324 1250 459 1314 hibernis
480 1255 620 1314 iniuriam
647 1254 768 1316 lecisset
795 1255 959 1335 indigenis,
989 1264 1078 1336 atque
1106 1260 1265 1337 imaginem

141 1353 236 1416 habes
259 1371 373 1425 eorum,
398 1373 473 1434 quae
496 1362 600 1433 gentes
623 1355 690 1416 illae
713 1355 847 1436 per-boe
868 1364 988 1437 tempus
1011 1361 1070 1420 sint
1091 1375 1263 1440 perpessae.

142 1455 248 1534 Neque
270 1457 380 1517 mirum
403 1459 462 1518 iarn
490 1464 550 1526 est,
579 1458 657 1537 quod
680 1459 849 1520 exacerbati
871 1461 1019 1521 eiusmodi
1044 1464 1164 1530 miseria
1189 1463 1266 1524 Galli

142 1577 260 1618 summa
276 1559 303 1617 vi
317 1557 511 1629 rebellarant,
526 1566 613 1637 atque
628 1567 689 1620 tam
703 1579 771 1622 acre
784 1560 895 1622 bellum
908 1564 1105 1634 concitarunt,
1117 1573 1150 1626 ut
1164 1564 1264 1626 Narbo

142 1659 260 1720 colonia
282 1659 437 1721 obsidione
460 1659 613 1722 liberanda
636 1667 714 1722 esset
743 1681 759 1722 a
782 1662 906 1724 Fonteio
929 1671 959 1724 et
979 1664 1124 1728 Massiliae
1146 1683 1265 1747 queque

140 1761 310 1842 perieulum
340 1781 356 1822 a
378 1761 470 1823 Gallis
491 1765 670 1824 immineret.
717 1764 855 1826 Ceterum
879 1766 1036 1845 profligato
1058 1767 1115 1830 hoc
1135 1769 1265 1832 tumultu

139 1872 306 1944 pacataque
320 1865 483 1944 provincia,
499 1862 607 1943 prolati
618 1863 770 1952 paullatim
785 1875 854 1928 sunt
864 1869 983 1947 imperii
993 1869 1083 1952 fines,
1093 1889 1162 1931 oum
1175 1870 1262 1933 Pom-

139 1968 227 2046 peius
250 1985 275 2027 a.
293 1971 334 2033 72
355 1968 387 2026 in
410 1983 481 2044 agro
497 1965 717 2036 Convenarum,
740 1984 816 2045 quae
831 1970 1005 2046 Aquitaniae
1021 1972 1122 2032 civitas
1138 1979 1210 2041 erat,
1231 1979 1282 2032 ut¹

139 2065 384 2148 Hieronymusll)
407 2069 492 2139 dicit,
516 2067 648 2130 latrones
663 2077 693 2129 et
708 2087 853 2130 convenas
869 2070 906 2130 de
921 2072 1064 2152 Pyrenaei
1078 2074 1155 2150 iugis
1170 2073 1260 2152 depo·

138 2155 237 2240 neret,
261 2170 290 2229 id
314 2177 368 2240 est,
391 2172 536 2250 profugos
558 2172 610 2248 qui
631 2190 685 2250 per
704 2172 889 2251 Pyrenaeum
913 2172 1052 2234 errabant
1074 2173 1261 2235 Sertorianos

140 2293 210 2334 curn
231 2273 381 2334 Goavenis
402 2273 550 2351 indigenis
571 2273 602 2333 in
618 2291 707 2333 unam
724 2272 829 2334 urbem
845 2283 1041 2353 congregaret
1061 2273 1260 2354 Lugudunum

139 2375 348 2436 Convenarum
365 2371 553 2457 (domninae)
569 2374 658 2453 idque
673 2375 815 2454 oppidum
830 2376 957 2437 rnilitum
971 2375 1051 2438 baud
1068 2375 1157 2438 dubie
1173 2397 1259 2458 prae*-

138 2477 216 2538 sidio
239 2479 379 2538 muniret.
428 2477 492 2548 Qua
514 2478 630 2537 ratione
653 2479 813 2555 contigisse
835 2486 1034 2557 postremum,
1064 2487 1097 2540 ut
1119 2481 1261 2559 quidquid

144 2597 161 2639 a
184 2579 288 2640 dextra
304 2577 441 2640 Rhodani
457 2586 528 2647 erat,
552 2580 611 2638 iam
626 2580 657 2638 in
672 2577 817 2657 obsequio
834 2583 1052 2651 contineretur,
1076 2599 1138 2642 non
1152 2584 1262 2644 mirum

139 2688 195 2751 est,
219 2683 397 2760 praesertim
418 2699 486 2741 cum
507 2681 703 2760 paucissimae
724 2680 766 2741 ibi
790 2690 888 2743 essent
910 2691 1014 2760 gentes
1038 2701 1149 2763 eaeque
1164 2687 1262 2746 murus

137 2781 264 2844 bellicae
278 2801 334 2862 per
357 2800 462 2860 agrum
483 2782 541 2843 late
564 2789 714 2862 patentem
739 2789 769 2847 et
790 2783 876 2843 facile
899 2785 936 2845 ab
960 2786 1092 2845 exercitu
1115 2801 1261 2866 occupan-

138 2879 264 2963 dum.⁷⁵)
298 2885 406 2946 Contra
422 2884 458 2946 ab
475 2884 567 2945 altera
590 2883 726 2945 Rhodani
741 2891 835 2964 parte,
852 2885 904 2946 ubi
919 2904 974 2964 per
988 2884 1100 2946 inculta
1116 2890 1262 2951 montium

137 2995 244 3066 gentes
260 2986 453 3049 considebant
475 2994 505 3048 et
526 2988 746 3067 frequentiores
762 2992 792 3045 et
806 2986 980 3057 ferociores,
1004 2986 1156 3048 Gallorum
1171 2991 1261 3050 animi

136 3089 273 3150 nondum
295 3090 382 3150 fracti
402 3095 489 3150 erant
511 3107 608 3168 neque
630 3087 738 3149 inultas
764 3087 901 3150 terebant
925 3087 1097 3167 praesidum
1124 3091 1259 3152 iniurias.
1312 3112 1316 3115 ·

136 3192 242 3270 ltaque
265 3211 333 3253 curn
355 3210 381 3252 a.
406 3195 456 3261 66,
480 3211 538 3272 quo
555 3210 632 3253 anno
647 3189 759 3252 bellum
775 3197 879 3252 contra
893 3192 1004 3269 piratas
1019 3191 1178 3270 Pompeius
1193 3209 1259 3270 ges-

134 3397 229 3448 hieme
253 3397 321 3446 enni
338 3397 370 3446 li
394 3411 430 3446 au
455 3411 515 3445 cum
533 3395 701 3446 Mommseno
725 3394 760 3444 ab
780 3409 806 3446 a.
825 3395 858 3445 ‘16
875 3396 1085 3460 propraetorem
1102 3395 1202 3446 Fontei
1219 3396 1261 3447 in·

134 3482 229 3548 cipias
247 3495 344 3546 porum
360 3481 456 3531 refert.

207 3563 252 3632 vt)
275 3565 462 3630 Hieronymus
485 3564 545 3616 adv.
570 3563 754 3630 Vigilantiam
780 3560 847 3629 (Op.
870 3567 889 3616 t.
914 3563 952 3616 ΙΙ.
974 3579 1000 3628 p.
1026 3564 1073 3614 121
1098 3563 1140 3614 ed.
1163 3563 1258 3630 Basia

133 3653 289 3716 Respondet
306 3648 500 3716 [Vigilantiusl
518 3655 610 3714 generi
619 3665 682 3714 sno,
694 3655 722 3697 at
734 3651 778 3714 qni
790 3651 822 3698 de
834 3651 959 3699 taronem
971 3653 996 3698 et
1008 3663 1174 3700 convenarum
1186 3657 1261 3700 natae

132 3743 176 3788 est
195 3737 302 3792 sanine,
321 3751 384 3800 quos
398 3736 442 3785 Gn.
454 3735 590 3799 Pompeias
604 3752 617 3785 e
630 3736 724 3786 domita
736 3735 867 3797 Hispania
879 3741 905 3783 et
917 3736 952 3784 ad
963 3733 1110 3796 triumpluem
1121 3735 1209 3784 redire
1219 3735 1264 3798 fe,

131 3823 238 3874 attinens
255 3821 287 3870 de
299 3821 430 3886 Pyrenaei
445 3821 511 3884 inpie
528 3821 646 3884 deposuit
663 3827 689 3870 et
700 3821 726 3869 in
738 3835 811 3870 annm
827 3819 947 3884 oppidum
963 3819 1138 3884 congregavit,
1154 3820 1221 3869 ande
1234 3825 1260 3868 et

132 3921 305 3958 convenarum
317 3905 378 3956 arbo
390 3921 478 3955 nornen
490 3907 598 3970 accepit.

207 3989 250 4052 75)
267 3989 309 4040 Ad
328 3990 398 4054 quod
417 3994 524 4055 tempus
549 3989 648 4041 infelix
665 3989 698 4040 L.
717 3987 826 4039 Valerii
842 3987 1009 4041 Praeconini
1030 3986 1059 4036 in
1076 3985 1257 4050 Aquitaniam

134 4074 289 4142 expeditio,
309 4089 391 4140 quam
408 4075 434 4126 b.
454 4091 479 4140 g.
499 4078 528 4134 3,
547 4077 579 4125 20
599 4071 704 4124 (laesae
723 4076 930 4132 commemorat,
948 4063 1151 4121 referenda'sit
1168 4070 1259 4120 incer-

130 4167 195 4212 tum
220 4164 271 4210 est.
304 4159 388 4221 Quod
411 4161 483 4210 enim
502 4160 570 4210 dicit
588 4157 705 4210 Caesar:
729 4161 755 4208 in
771 4160 811 4208 bis
827 4159 888 4208 locis
908 4157 963 4220 (sc.
981 4157 1010 4206 in
1027 4153 1193 4219 Aquitania)
1210 4154 1260 4206 sibi

132 4247 226 4297 bellam
236 4246 381 4311 perandum,
395 4245 437 4294 nbi
446 4247 537 4310 paneis
549 4251 608 4294 ante
620 4246 695 4293 annis
707 4245 739 4293 L.
755 4243 874 4293 Valerius
884 4241 1059 4290 Praeconinus
1071 4241 1168 4304 legatus
1181 4253 1258 4288 eaer-

131 4333 189 4382 eitu
199 4334 272 4395 palso
284 4331 436 4396 interfectae
448 4337 515 4380 esset
527 4337 602 4395 atque
614 4331 680 4380 ande
693 4329 724 4382 L.
738 4328 860 4378 Manilius
871 4351 905 4360 -
913 4324 1074 4390 profugisset
1087 4327 1150 4383 etc,
1163 4322 1192 4372 id
1204 4336 1259 4372 non

131 4414 241 4468 sufficIt
259 4415 296 4467 ad
313 4419 421 4479 tempus
446 4414 630 4466 definiendum
652 4428 742 4477 neque
761 4411 817 4461 ullo
836 4411 891 4460 elio
910 4408 1070 4459 testimonio
1092 4407 1258 4458 illustratur.

1013 4497 1055 4562 5*
