3154 5162
344 471 404 536 156
726 467 810 526 PARS
833 467 862 522 ll.
907 465 1014 523 GAPVT
1037 463 1066 522 ll.

342 645 477 716 tempore
499 637 670 696 universum
693 652 802 696 nomen
824 631 959 694 Italicum
987 634 1102 693 civitate
1125 632 1266 693 donatum
1294 637 1340 692 cst
1362 636 1394 690 et
1415 631 1461 690 in-

343 745 447 800 ventus
468 737 519 798 ille
542 738 772 817 municipiorum
794 735 883 804 ordo,
907 752 966 813 qno
989 734 1104 812 singula
1118 733 1219 795 ltaliae
1240 733 1349 813 oppida
1364 752 1462 812 aequo

341 842 421 903 inter
440 859 480 904 ¹se
508 842 574 900 iure
604 846 633 900 et
663 838 768 899 iisdem
796 839 937 898 institutis
965 836 1070 898 donata
1100 855 1156 916 pro
1178 835 1314 916 partibus
1342 837 1463 914 imperii

342 944 468 1004 Romani
491 947 685 1004 censerentur
708 943 768 1002 sive
792 958 827 1000 er
844 938 964 1002 Sullana
985 939 1049 1002 lere
1065 935 1219 1018 aetate¹²),
1242 939 1376 998 infirmo
1392 937 1461 998 lun-

343 1045 481 1106 damento
504 1045 669 1123 repositum
693 1049 738 1104 est
759 1040 824 1120 lege
846 1040 919 1102 Iulia
947 1039 1132 1119 municipali,
1161 1042 1227 1120 ipso
1255 1039 1386 1119 denique
1408 1057 1463 1100 no-

343 1147 422 1208 mine
450 1145 611 1207 indicatum
638 1147 757 1206 invento
786 1144 846 1204 sire
874 1161 891 1204 a
918 1142 991 1204 lulio
1020 1142 1146 1204 Caesare
1174 1144 1235 1204 sive
1262 1141 1299 1202 ab
1327 1143 1463 1218 Augusto

343 1249 408 1309 inre
430 1247 548 1316 italico,
573 1264 632 1324 quo
654 1246 799 1326 quaedam
822 1244 930 1326 oppida
957 1243 1147 1324 provincialia
1170 1249 1365 1305 censerentur
1396 1261 1464 1304 esse

344 1348 476 1411 eiusdem
499 1350 573 1410 iuris
595 1356 682 1428 atque
706 1348 812 1427 oppida
835 1348 949 1416 ltalica;
975 1347 1060 1407 cuius
1082 1346 1156 1406 iuris
1179 1345 1335 1408 commoda
1356 1363 1463 1424 quam·

344 1469 431 1528 qnam
455 1469 514 1512 non
538 1469 571 1511 ea
594 1456 693 1518 erant,
719 1466 794 1527 quae
816 1468 870 1529 per
894 1450 1046 1511 universas
1068 1450 1235 1527 provincias
1258 1465 1463 1527 propagaren-

344 1560 409 1621 tur,
441 1560 537 1612 tamen
566 1550 624 1612 boc
650 1553 819 1613 institutum
851 1551 991 1612 indicavit
1022 1549 1139 1620 saltem,
1172 1569 1232 1610 non
1268 1547 1465 1628 insuperabili

345 1654 515 1715 discrimine
538 1660 703 1732 separatam
726 1671 791 1714 esse
814 1652 926 1714 ltaliam
949 1675 964 1715 a
986 1653 1156 1733 provinciis.
1187 1653 1376 1712 Postremum
1392 1649 1464 1711 snb-

344 1755 484 1816 levandae
507 1755 769 1815 administrationis
798 1755 873 1816 ratio
896 1755 1059 1833 flagitabat,
1087 1761 1120 1816 ut
1148 1753 1272 1832 singubs
1295 1751 1464 1814 civitatibus

345 1875 435 1936 quam
456 1858 583 1918 maxima
606 1855 868 1918 administrationis
891 1876 960 1937 pars
974 1858 1213 1936 permitteretur,
1237 1873 1293 1915 nec
1314 1857 1387 1924 nisi,
1411 1853 1465 1914 ubi

345 1959 382 2020 de
404 1958 498 2037 ipsius
519 1960 637 2037 imperii
660 1958 823 2020 commodis
846 1965 998 2036 ageretur,
1022 1959 1157 2021 interiori
1172 1956 1351 2037 oppidorum
1373 1959 1466 2018 statui

344 2061 548 2122 immiscerent
576 2079 608 2121 se
636 2061 825 2140 magistratus
853 2059 972 2140 publici.
1018 2059 1103 2122 Unde
1125 2061 1174 2130 fit,
1204 2068 1237 2121 ut
1258 2059 1466 2120 Romanorum
1551 2123 1553 2130 ,

344 2182 394 2224 res
417 2161 618 2242 municipalis,
643 2161 738 2239 qualis
760 2164 896 2241 priorum
916 2164 1129 2242 imperatorum
1152 2169 1288 2241 tempore
1311 2167 1384 2230 erat,
1408 2162 1465 2222 rni-

345 2284 409 2326 ram
432 2264 579 2344 quandam
601 2264 745 2326 libertatis
767 2265 896 2344 speciem
919 2265 1071 2344 praebeat.

430 2367 512 2438 Quae
535 2368 631 2426 omnis
652 2368 727 2427 ratio
750 2369 846 2446 primo
868 2385 897 2446 p.
916 2365 967 2428 uh.
993 2365 1111 2428 saeculo
1133 2367 1242 2427 intacta
1256 2363 1464 2444 permanebat,
1532 2401 1541 2412 ·

346 2474 434 2547 atque
457 2467 568 2528 florens
590 2486 645 2546 per
667 2468 698 2528 id
719 2475 838 2547 tempus
862 2476 925 2529 erat
945 2477 1006 2529 tam
1023 2468 1122 2530 ltaliae
1137 2485 1226 2548 quam
1241 2468 1467 2547 provinciarum

347 2576 456 2639 status3
493 2576 595 2650 postea
624 2576 723 2630 antem
751 2571 860 2651 duplex
891 2573 1064 2632 intercessit
1090 2571 1229 2632 mutatio:
1263 2587 1394 2646 namque
1428 2568 1466 2630 ad

347 2672 519 2734 universnm
541 2673 700 2750 imperium
729 2673 808 2752 quod
835 2675 954 2742 attinet,
985 2691 1052 2734 cum
1081 2679 1167 2734 antea
1189 2670 1347 2732 consilinm
1375 2687 1466 2750 prae-

346 2771 458 2834 valeret
479 2775 645 2852 provincias
667 2775 819 2854 paullatim
841 2775 1007 2837 adducendi
1028 2775 1064 2836 ad
1080 2774 1178 2837 ltaliae
1194 2772 1350 2834 commoda
1373 2772 1466 2833 liber·
1570 2837 1571 2846 .

346 2864 497 2953 tatcsque,
521 2877 577 2936 iam
600 2878 736 2938 inversus
759 2885 804 2938 est
824 2895 927 2938 rerum
949 2877 1023 2938 ordo
1046 2883 1134 2954 atque
1156 2878 1197 2936 ita
1212 2877 1373 2952 exaequari
1395 2892 1466 2934 coe·

345 2984 414 3057 ptae
437 2984 507 3039 sunt
529 2977 611 3039 ltalia
634 2986 664 3040 et
685 2981 867 3058 provinciae,
902 2988 933 3040 ut
960 2979 1007 3040 illa
1031 2978 1067 3039 ad
1095 2977 1200 3039 barum
1221 2976 1414 3038 incommoda
1437 2981 1468 3036 et

346 3098 438 3141 onera
453 3078 662 3151 descenderet3
686 3083 717 3144 in
740 3081 863 3160 singulis
885 3081 992 3142 deinde
1014 3081 1133 3160 imperii
1154 3079 1288 3160 partibus
1310 3078 1468 3159 paullatim

346 3181 457 3260 publici
485 3181 688 3244 Romanorum
716 3186 905 3262 magistratus
935 3182 1144 3262 municipalem
1178 3169 1469 3243 administrationem
1569 3215 1571 3242 t

347 3284 440 3360 magis
462 3285 615 3362 magisque
638 3285 695 3345 sibi
717 3287 896 3364 arrogabant
916 3305 973 3347 nec
995 3286 1053 3346 nisi
1067 3282 1189 3367 servilia
1211 3282 1349 3362 publicae
1371 3282 1467 3343 adrni-
1570 3279 1571 3334 l

347 3385 531 3445 nistrationis
552 3386 750 3448 instrumenta
774 3406 839 3448 esse
861 3387 1049 3467 patiebantur
1071 3388 1205 3448 instituta
1227 3383 1428 3464 municipalia.
1570 3445 1571 3464 ἶ

433 3486 490 3558 Qui
513 3488 610 3548 omnis
631 3490 677 3549 rei
700 3489 885 3568 municipalis
909 3489 997 3558 ordo,
1022 3497 1114 3550 utne
1137 3488 1172 3549 ab
1196 3487 1321 3548 orientis
1344 3485 1467 3562 quidem

346 3589 507 3667 provinciis
522 3587 636 3650 alienus
652 3599 724 3660 erat,
738 3593 846 3670 quippe
863 3609 947 3669 quae,
965 3591 1061 3668 quoad
1076 3609 1136 3650 non
1152 3590 1316 3668 antiquitus
1330 3588 1470 3648 instituta
1570 3625 1571 3658 ,

347 3689 488 3750 Romanis
511 3690 615 3752 similia
638 3691 800 3762 haberent,
825 3695 973 3754 concessis
996 3693 1103 3753 veteris
1124 3693 1198 3751 iuris
1213 3688 1385 3750 nominibus
1400 3691 1470 3768 ipsa
1570 3679 1571 3760 ἴ

347 3809 381 3852 re
410 3792 446 3851 ad
475 3791 658 3872 reliquarum
685 3795 905 3872 provinciarum
938 3813 1073 3856 normam
1106 3791 1406 3854 accommodarentur
1419 3787 1469 3868 13),
1570 3777 1571 3790 ἶ

347 3895 387 3954 ita
409 3893 516 3954 melius
539 3913 555 3954 a
576 3897 681 3974 primis
701 3896 793 3955 initiis
822 3894 919 3956 elucet
945 3898 975 3956 in
997 3895 1156 3974 provinciis
1178 3890 1414 3954 occidentalibus
1441 3898 1472 3951 et

348 3995 643 4074 septentrionalibus,
671 3999 703 4058 in
725 3997 890 4077 Hispaniis,
919 3996 1034 4066 Galliis,
1065 3996 1241 4056 Germaniis
1292 3994 1328 4054 In
1350 3992 1470 4054 Narbo·
1570 4045 1571 4060 .

417 4249 459 4314 12)
480 4249 537 4300 cfr.
556 4249 720 4310 Mommsen,
739 4250 832 4301 Rosm.
852 4249 951 4302 Gescb.
971 4253 1000 4313 2,
1020 4250 1163 4301 eoo-363.

363 4332 366 4338 '
417 4334 460 4398 13)
474 4333 531 4384 (111.
544 4333 634 4400 Kuhn,
648 4335 780 4400 Beitrige
793 4349 841 4385 zur
852 4335 1024 4401 Verlassung
1036 4335 1085 4384 des
1096 4349 1180 4385 roem.
1191 4331 1296 4384 Reichs
1309 4349 1335 4398 p.
1347 4335 1396 4382 11⁷
1406 4347 1472 4405 sqq.

348 4418 523 4484 Marquardt,
542 4418 651 4473 Handb.
671 4419 719 4472 der
736 4435 820 4473 roam.
838 4418 954 4474 Alterth.
972 4422 1002 4484 3,
1022 4421 1050 4482 1,
1069 4416 1119 4474 383
1137 4432 1195 4492 sqq.
