3148 5160
287 475 349 536 252
558 477 561 486 “
653 469 738 526 PARS
759 469 789 525 ll.
808 483 815 490 “
835 467 941 525 CAPVT
962 467 1003 524 lll.

192 693 196 702 .
285 640 404 718 imperii
425 638 564 708 liomani,
589 637 676 718 quale
697 637 767 698 inde
789 636 826 702 ab
849 641 944 696 aetate
966 633 1086 695 Traiani
1107 652 1174 694 esse
1197 634 1304 722 coepit,
1329 634 1406 692 ima·

286 743 393 820 ginem.

653 906 684 961 O.
718 907 762 958 Do
781 921 848 956 curu
866 903 1037 972 oppidorum.

373 1047 429 1118 Qui
451 1051 623 1107 nostrorum
644 1045 850 1105 institutorum
872 1042 1018 1102 rationem
1034 1041 1158 1110 confert,
1182 1041 1308 1100 miretur
1324 1038 1404 1099 baud

288 1149 393 1218 dubie,
417 1147 495 1225 quod
519 1145 696 1226 municipale
717 1145 780 1214 ius,
810 1143 896 1222 quale
925 1163 940 1204 a
968 1144 1073 1222 primis
1101 1140 1331 1221 imperatoribus
1352 1160 1403 1201 or·

288 1250 420 1311 dinatum
449 1260 508 1318 est,
538 1248 733 1327 largissimam
762 1245 933 1310 hominibus
961 1243 1188 1325 municipalibus
1223 1245 1407 1304 concesserit

287 1353 454 1413 libertatem
478 1369 545 1413 suas
566 1370 615 1411 res
638 1349 871 1412 administrandi.
917 1346 1053 1408 Liberam
1081 1348 1174 1408 luisse
1196 1344 1321 1406 vidimus
1344 1343 1405 1406 ele-

289 1455 416 1514 ctionem
439 1455 663 1531 magistratuum
687 1471 742 1513 nec
765 1453 822 1512 nisi
850 1451 989 1528 legitimis
1017 1448 1191 1526 quibusdam
1220 1447 1403 1508 condicioni·

288 1555 345 1616 bus
361 1553 529 1615 adstrictam
553 1556 655 1631 aequis
678 1560 767 1631 atque
791 1552 926 1622 utilibus,
950 1541 1074 1612 liberam
1097 1551 1142 1611 rel
1164 1551 1331 1610 communis
1353 1549 1404 1608 ad·

288 1657 553 1725 ministrationem,
569 1654 694 1716 liberam
711 1663 740 1716 et
760 1657 830 1716 satis
845 1655 958 1732 largam
972 1652 1068 1723 illam,
1085 1670 1161 1731 quae
1176 1650 1406 1730 municipalibus

289 1756 508 1835 magistratibus
531 1775 672 1818 concessa
702 1764 780 1828 erat,
809 1756 1058 1822 iurisdictionem
1088 1772 1186 1832 neque
1214 1752 1405 1833 publicorum
1443 1804 1446 1810 .

288 1861 318 1920 in
341 1860 492 1939 provincia
516 1861 739 1937 magistratuum
762 1861 917 1926 intererat.
944 1875 996 1918 sua
1026 1858 1142 1935 negotia
1170 1873 1279 1933 augere
1305 1856 1405 1915 immi·

289 1961 399 2024 scendo
422 1979 454 2022 se
476 1962 707 2040 municipiorum
729 1959 821 2022 rebus
842 1961 976 2020 internis
1018 1959 1059 2019 Ex
1084 1976 1142 2019 una
1163 1964 1279 2018 tantum
1302 1954 1407 2017 condi-

289 2066 375 2124 cione
403 2063 553 2143 pendebat
579 2062 652 2123 haec
680 2062 817 2132 libertas,
851 2067 884 2122 ut
912 2060 983 2122 salvi
1010 2066 1109 2121 essent
1142 2058 1256 2120 reditus
1283 2057 1406 2139 publici,

289 2165 366 2227 salva
395 2165 550 2226 commoda
576 2166 702 2244 imperii.
755 2167 791 2225 m
822 2163 896 2224 haec
925 2161 1074 2231 condicio,
1109 2179 1183 2239 qnae
1212 2163 1276 2240 ipsa
1303 2178 1407 2222 rerum

290 2274 395 2328 natura
419 2267 533 2328 videtur
555 2266 696 2344 flagitari,
722 2265 773 2325 ubi
795 2267 923 2345 primum
947 2271 1110 2343 coeperunt
1124 2265 1321 2342 imperatores
1343 2281 1406 2322 me·
1449 2308 1455 2317 .

290 2377 387 2438 tuere,
411 2387 449 2429 ne
473 2368 682 2446 neglegeretur
705 2374 734 2427 et
749 2385 867 2437 cavere,
893 2374 925 2426 ut
948 2373 1008 2426 tuta
1025 2372 1118 2434 esset,
1143 2365 1249 2434 effecit,
1274 2370 1307 2424 111
1321 2363 1406 2442 paul-

289 2470 371 2530 latim
394 2471 491 2530 omnis
518 2468 566 2529 illa
598 2475 780 2530 everteretur
806 2470 914 2548 prioris
942 2469 1086 2548 temporis
1112 2466 1244 2528 libertas.
1288 2467 1408 2527 Primus

290 2577 388 2632 antem
411 2571 602 2630 intentiorem
631 2569 814 2648 singulorum
844 2569 1020 2649 oppidorum
1051 2587 1152 2631 curam
1182 2567 1408 2646 custodiamque
1451 2628 1457 2638 ,

289 2672 408 2753 publice
436 2672 600 2732 instituisse
628 2678 657 2731 et
684 2673 790 2751 partim
817 2671 1004 2752 praesidibus
1031 2673 1136 2750 partim
1165 2671 1295 2749 propriis
1323 2670 1409 2730 noris

290 2773 509 2853 magistratibus
532 2773 687 2834 mandasse
709 2773 825 2833 videtur
847 2773 1007 2842 Traianus,
1032 2773 1092 2833 sive
1115 2772 1193 2850 qnod
1216 2789 1320 2832 revera
1343 2773 1410 2831 eius

291 2883 386 2938 aetate
409 2879 507 2937 minus
530 2876 586 2936 rite
609 2876 745 2936 satisfieri
768 2876 868 2954 coepit
889 2874 932 2934 1111
961 2875 1142 2943 condicioni,
1167 2876 1227 2934 sive
1251 2873 1331 2951 quod
1346 2891 1410 2932 uon
1484 2926 1486 2929 ,

290 2981 362 3040 satis
385 2997 451 3040 esse
476 2978 628 3038 videbatur
649 2979 835 3055 imperatori,
859 2979 941 3057 ipsos
962 2983 1076 3037 tantum
1100 2977 1244 3052 cuiusque
1267 2977 1337 3035 anni
1359 2993 1409 3034 re·

290 3081 369 3144 ditus
392 3082 486 3160 accipi
515 3096 612 3156 neque
640 3079 764 3158 respici,
796 3097 867 3138 num
890 3079 1119 3157 municipiorum
1147 3083 1241 3137 status
1264 3078 1292 3135 is
1319 3081 1409 3144 esset,

290 3183 369 3244 unde
398 3189 461 3243 tnta
487 3183 518 3240 in
545 3183 679 3241 futurum
708 3196 826 3257 quoquc
860 3180 937 3240 leret
964 3179 1141 3259 respublica.
1192 3179 1229 3239 Et
1256 3184 1411 3237 rectorum

290 3285 509 3362 provinciarum
532 3283 562 3342 in
585 3282 640 3343 hac
663 3301 695 3342 re
718 3282 812 3342 olfieia
835 3283 998 3361 perspicias
1021 3300 1056 3341 ex
1079 3281 1130 3350 iis,
1155 3296 1230 3357 quae
1254 3275 1410 3356 111111111-

291 3386 358 3444 niae
381 3384 547 3445 civitatibus
569 3383 681 3445 Plinius
704 3385 831 3462 iniungit
852 3384 979 3446 Traiano
988 3379 1041 3462 ³⁷),
1066 3382 1146 3443 unde
1168 3379 1256 3441 simul
1285 3387 1413 3459 apparet

292 3493 322 3546 et
343 3492 412 3545 ante
434 3485 593 3547 Traianum
615 3487 787 3546 interiorem
811 3487 959 3548 civitatum
974 3483 1198 3566 provincialium
1221 3483 1412 3543 administra·

290 3589 404 3649 tionem
418 3606 523 3668 parum
540 3605 658 3647 curasse
679 3586 874 3665 proconsules
897 3594 926 3647 et
947 3589 1075 3666 primum
1098 3586 1259 3647 Traianum
1282 3582 1411 3662 diligen·
1437 3609 1440 3614 ·

291 3692 399 3752 tiorem
427 3689 532 3750 harum
554 3707 656 3750 rernm
684 3708 786 3750 curam
814 3689 1000 3769 praesidibus
1026 3689 1266 3769 praescripsisse.
1312 3689 1413 3763 Atque

292 3792 397 3852 eodem
420 3791 508 3853 modo
535 3797 638 3870 postea
662 3791 805 3870 Ulpianus
833 3790 1004 3870 proconsuli
1032 3790 1174 3867 iniungit,
1204 3791 1230 3850 si
1257 3791 1289 3849 in
1318 3805 1413 3866 quam

291 3894 439 3954 civitatem
460 3893 645 3970 pervenerit,
675 3891 764 3953 aedes
791 3909 891 3953 sacras
923 3897 953 3950 et
982 3901 1072 3970 opera
1099 3890 1217 3970 publica
1245 3892 1416 3952 circumeat

290 3993 468 4072 inspiciendi
489 3994 583 4070 gratia
605 4012 642 4054 an
664 4001 742 4054 sarta
764 3999 841 4054 tecta
863 3994 922 4053 sint
944 3991 989 4051 vel
1013 4010 1050 4052 an
1065 3991 1217 4070 indigeant
1239 3991 1337 4068 aliqua
1359 4009 1413 4050 re-

291 4097 435 4168 lectione,
459 4096 536 4154 etsi
559 4110 616 4170 qua
639 4101 744 4173 coepta
767 4095 839 4162 sint,
869 4100 954 4154 curet
976 4100 1009 4154 ut
1031 4098 1289 4162 consummentur,
1318 4102 1419 4171 prout

292 4198 369 4257 vires
393 4197 456 4257 eins
478 4195 659 4275 reipublicae
680 4197 865 4275 permittant,
890 4202 1042 4256 curatores
1065 4194 1171 4256 deinde
1193 4213 1318 4273 operum
1341 4193 1416 4255 dili-

292 4330 595 4346 -u———ffl

360 4412 405 4479 37)
423 4413 494 4464 Plin.
514 4415 596 4478 epist.
614 4413 662 4464 lib.
683 4416 715 4464 1o
732 4414 844 4480 passim.
