3154 5162
335 485 395 546 150
727 481 810 536 PARS
831 481 861 536 ll.
906 479 1011 536 CAPVT
1032 477 1062 535 ll.

333 669 393 710 non
416 651 510 709 maior
531 667 601 728 pars
622 647 689 708 talis
712 647 785 725 legis
808 647 1015 707 desumeretur
1038 665 1073 706 ex
1096 645 1162 723 lege
1185 645 1283 722 aliqua
1304 645 1445 724 generali:

268 737 269 742 ἵ
334 746 514 829 quinetiam
539 767 606 810 cum
630 749 745 810 duobus
774 750 951 829 oppidorum
975 749 1075 810 italico
1105 748 1193 808 modo
1223 749 1447 809 constitutorum

334 853 511 932 generibus
536 854 643 913 civium
666 853 868 914 Romanorum
892 859 922 912 et
942 851 1130 921 Latinorum,
1155 852 1313 911 maximam
1336 855 1447 930 partem

336 956 504 1016 communia
525 961 628 1016 essent
649 956 785 1016 instituta
807 928 996 1034 municipalia}
1025 960 1114 1030 atque
1143 969 1178 1012 ex
1208 953 1311 1014 eadem
1339 953 1447 1029 origine

335 1057 476 1136 repetita,
502 1075 538 1116 ex
561 1057 655 1118 altero
677 1075 788 1135 genere
811 1056 846 1117 ad
869 1056 1009 1124 alterum,
1039 1071 1234 1132 quaecuuque
1262 1071 1322 1115 non
1353 1053 1389 1114 ad
1410 1055 1446 1113 ci-

221 1227 227 1250 ·
335 1161 432 1219 vitatis
465 1159 615 1220 Romanae
650 1166 679 1219 et
706 1157 856 1219 latinitatis
889 1159 1049 1218 discrimen
1081 1155 1285 1236 pertinebant,
1316 1160 1449 1235 poteraut

335 1261 501 1322 transferri.
556 1261 615 1320 lam
646 1278 716 1321 vero
750 1261 775 1320 si
802 1261 982 1339 provinciam
1011 1257 1235 1320 Narbonensem
1267 1259 1449 1337 respicimus,

335 1361 493 1422 incidimus
515 1364 645 1441 primum
667 1364 698 1422 in
720 1361 816 1439 legem
840 1361 1082 1430 celeberrimam,
1107 1363 1191 1422 ouius
1220 1361 1386 1438 fragmenta
1405 1377 1448 1420 re·

336 1472 420 1543 perta
450 1472 520 1524 suut
546 1466 577 1524 in
606 1463 715 1542 oppido
738 1462 838 1524 ltaliae
866 1464 1017 1524 inferioris
1039 1463 1196 1532 Heraclea,
1227 1479 1376 1543 quamque
1402 1463 1449 1522 Sa·

337 1567 424 1646 rigny
439 1563 457 1642 ¹)
482 1567 619 1643 cognovit
635 1583 700 1625 esse
715 1565 813 1642 legem
828 1563 931 1626 Iuliam
947 1564 1169 1644 municipalem,
1194 1571 1449 1626 commemoratam

338 1668 368 1727 in
391 1668 587 1746 inscriptione
612 1666 760 1728 Orelliana
790 1685 819 1727 u.
838 1671 920 1734 3676
933 1663 956 1745 ²)
981 1673 1010 1727 et
1032 1669 1063 1726 in
1086 1666 1171 1728 titulo
1192 1666 1381 1744 Digestorum
1404 1671 1450 1733 50,

341 1773 373 1838 1,
398 1771 557 1848 inscripto:
583 1769 635 1829 ‘ad
658 1771 867 1846 municipalem
896 1769 984 1830 etde
1007 1768 1140 1838 incolis’,
1164 1768 1313 1846 latamque
1342 1767 1451 1829 alulio

340 1872 466 1932 Caesare
490 1871 612 1933 consule
635 1873 680 1932 lV.
706 1873 767 1932 sive
790 1889 867 1931 anno
890 1890 914 1932 a.
941 1871 992 1932 uh.
1011 1868 1093 1949 45.³)
1121 1870 1202 1932 Haec
1223 1870 1271 1930 lex
1294 1889 1310 1930 a
1332 1870 1450 1930 blemm-

340 1969 447 2051 senoll
472 1979 501 2033 et
523 1971 708 2052 Rudorlll05)
732 1975 884 2053 pertinere
911 1972 1060 2034 iudicatur
1088 1973 1124 2033 ad
1152 1974 1250 2034 omnia
1278 1972 1387 2051 oppida
1414 1971 1451 2031 ci·

338 2078 417 2136 vium
440 2076 657 2162 Romanorum,
681 2094 757 2155 quae
780 2093 834 2155 per
857 2080 950 2136 totum
973 2075 1132 2153 imperium
1153 2076 1320 2136 Romanum
1343 2080 1374 2134 et
1393 2080 1453 2134 tum

340 2187 425 2239 erant
449 2185 477 2238 ct
499 2185 602 2256 postea
625 2184 710 2238 erant
731 2180 849 2247 lutura,
879 2180 940 2238 sive
970 2185 998 2237 ct
1026 2178 1062 2237 ad
1085 2176 1190 2237 urbem
1212 2177 1337 2238 Romam
1366 2183 1395 2236 et
1421 2173 1453 2235 ad

339 2278 446 2358 oppida
476 2279 577 2340 italica
612 2287 641 2340 et
674 2280 710 2339 ad
744 2279 852 2360 oppida
885 2281 991 2340 civium
1021 2280 1221 2340 Romanorum
1254 2276 1451 2358 provincialia.

339 2381 400 2441 lam
422 2399 493 2462 pero
518 2399 552 2440 co
575 2382 639 2459 ipso
664 2400 741 2442 anno
765 2389 804 2448 45
827 2383 859 2440 in
882 2380 974 2441 Gallia
997 2380 1182 2443 Narbonensi
1209 2381 1292 2442 finita
1319 2388 1385 2442 erat
1405 2379 1451 2440 dc-

341 2482 440 2542 duotio
470 2482 652 2543 coloniarum
687 2484 793 2542 civium
820 2481 1037 2543 Romanorum:
1074 2481 1252 2544 tenebantur
1283 2484 1375 2560 igitur
1403 2480 1453 2540 hae

341 2600 459 2660 quoque
482 2583 614 2644 coloniae
643 2583 708 2662 lege
731 2584 804 2644 iulia
826 2583 1014 2663 municipali,
1044 2602 1138 2662 eaque
1160 2583 1314 2654 Narbone,
1338 2585 1454 2646 Raeter·

339 2686 397 2753 ris,
422 2683 553 2754 Arelate,
578 2687 755 2754 drausione,
780 2685 923 2746 Foroiulii
944 2705 1003 2746 nou
1027 2688 1125 2746 minus
1146 2687 1178 2745 in
1201 2687 1266 2747 loro
1289 2693 1453 2766 estpropo·

340 2788 394 2846 sita
418 2805 505 2865 quam
528 2785 702 2857 Heracleae,
727 2789 758 2848 in
781 2789 866 2849 cuius
889 2787 991 2867 oppidi
1015 2789 1110 2849 ruinis
1138 2788 1218 2865 quod
1247 2788 1283 2849 ad
1312 2807 1369 2848 nos
1390 2805 1454 2867 per·

341 2890 421 2949 venit
443 2888 595 2968 exemplar
618 2896 663 2950 est
684 2897 848 2968 repertum.
879 2889 1031 2951 Habemus
1052 2891 1144 2968 igitur
1165 2890 1261 2968 legem
1278 2887 1453 2968 generalem,

342 2993 425 3052 ouius
449 3011 512 3052 eam
536 2992 670 3053 videmus
694 3010 760 3053 esse
783 2999 933 3061 naturam,
957 2999 990 3054 ut
1012 2992 1197 3071 singulorum
1225 2991 1346 3072 quidem
1376 2991 1454 3071 oppi-

344 3092 450 3154 dorum
473 3112 532 3154 non
555 3096 605 3156 fiat
626 3095 753 3164 mentio,
778 3101 906 3156 attamen
929 3111 1005 3172 quae
1027 3095 1062 3154 ad
1085 3095 1190 3156 urbem
1213 3094 1353 3163 Romam,
1384 3109 1467 3170 quae.

343 3193 378 3254 ad
401 3194 515 3273 reliqua
538 3194 637 3256 ltaliae
662 3196 784 3276 oppida,
810 3213 885 3274 quae
908 3196 943 3256 ad
959 3196 1151 3275 provincialia
1166 3197 1350 3276 pertineant,
1375 3194 1455 3257 lacile

341 3298 458 3374 possint
480 3296 636 3373 distingui,
661 3297 823 3378 eademque
846 3298 894 3358 lex
923 3301 947 3359 si
970 3298 1049 3375 quod
1072 3306 1174 3378 postea
1196 3299 1354 3378 oppidum,
1384 3299 1456 3358 sicut

342 3391 454 3457 Vienna
483 3403 513 3456 et
540 3397 685 3469 Valentia,
711 3397 746 3459 ad
776 3402 922 3461 civitatem
950 3401 1114 3461 Romanam
1145 3408 1336 3481 pervenerat,
1367 3400 1402 3460 ad
1429 3399 1456 3458 id

343 3514 470 3592 quoque¹
491 3498 576 3558 lacile
605 3503 736 3578 potuerit
765 3499 908 3562 adhiberi.
958 3502 1062 3564 Latina
1090 3501 1197 3564 deinde
1225 3502 1349 3583 oppida,
1384 3517 1455 3582 quae

411 3769 436 3832 1)
456 3769 629 3821 Vermischte
648 3771 787 3822 Schriften
805 3777 835 3837 3,
854 3775 998 3827 ata-412.

411 3869 438 3935 2)
456 3870 620 3922 Nominatur
637 3873 677 3923 ibi
695 3877 853 3940 quattuoruir
871 3878 1004 3928 aediliciac
1020 3877 1156 3940 potcstatis
1173 3892 1209 3927 em
1226 3879 1280 3941 lege
1297 3876 1369 3926 Iulia
1386 3875 1458 3926 nmai-

251 4027 254 4032 .
344 3959 432 4022 amatr.

410 4058 436 4122 3)
454 4058 496 4108 Ad
515 4059 683 4126 archetypon
700 4060 840 4126 depictam
859 4062 945 4112 edidit
962 4063 1087 4114 tabulam
1106 4063 1323 4114 Heracleensem
1341 4059 1457 4121 Ritsohl,

341 4145 456 4194 Priscae
474 4145 640 4194 Latinitatis
659 4162 776 4200 monum.
796 4146 853 4196 tab.
871 4151 903 4198 33
922 4152 950 4198 et
967 4151 1014 4212 34,
1042 4149 1205 4214 vulgaribus
1229 4149 1332 4198 litteris
1352 4157 1459 4214 expres-

342 4244 400 4279 sam
418 4230 581 4292 Mommsen,
603 4229 683 4296 Oorp.
704 4232 786 4281 inser.
804 4232 868 4281 Lat.
887 4231 909 4285 Ι,
928 4249 999 4286 num.
1019 4235 1078 4297 206.

408 4329 435 4394 4)
454 4331 619 4396 Mommsen,
639 4332 719 4399 Gorp.
738 4334 820 4386 inser.
839 4333 902 4383 Lat.
921 4335 942 4383 Ι.
962 4350 989 4399 p.
1009 4337 1057 4386 123
1075 4351 1115 4400 sq.
1139 4337 1144 4364 l

411 4427 440 4496 5)
458 4431 584 4496 Rudorff,
603 4435 696 4486 Roem.
715 4434 983 4500 Rechtsgesohichte
1003 4438 1030 4500 1,
1049 4439 1091 4488 34.
