3148 5160
345 471 406 534 202
732 469 816 526 PARS
839 471 868 526 ll.
914 471 1019 526 CAPVT
1042 469 1072 526 ll.

344 635 460 696 fabrum
483 637 677 703 constituere,
702 637 771 712 quia
793 655 830 695 ex
853 605 999 696 eiusmodi
1029 652 1148 713 qtroque
1171 634 1296 716 collegio
1319 639 1461 700 lectiones

343 740 459 817 possint
486 738 576 798 nasci.
587 733 655 814 1161)
686 737 718 797 ld
742 743 854 797 tantum
877 737 985 800 licebat
1007 737 1119 816 vulgari
1141 755 1262 798 caussae
1285 738 1414 809 edicere,
1431 747 1461 800 ut

343 847 551 919 praeterquam
572 837 651 915 quod
673 838 841 916 sepulturae
863 841 1102 919 prospiceretur,
1127 840 1216 900 etiam
1245 858 1312 909 eos,
1337 843 1390 918 qui
1412 841 1459 901 de·
1558 901 1560 928 ἰ

343 942 437 1002 suncti
460 949 557 1010 erant,
583 939 626 1000 ex'
642 959 709 1000 arca
731 940 847 1018 collegii
873 949 954 1002 certa
976 943 1118 1018 pecuniae
1138 949 1315 1020 sequeretur
1335 961 1459 1012 summa,

344 1043 483 1104 solvenda
498 1042 675 1121 propinquis
691 1049 720 1102 et
734 1042 918 1123 respondens
943 1044 969 1102 ei
991 1043 1150 1120 pecuniae,
1167 1059 1255 1119 quam
1272 1062 1340 1103 cum
1354 1045 1459 1105 intras·

343 1152 418 1214 sent,
435 1143 601 1223 capitularii
617 1145 736 1204 nomine
752 1163 837 1205 arcae
854 1144 1005 1205 dederant.
1037 1143 1119 1204 Hanc
1135 1146 1213 1205 enim
1225 1143 1350 1207 llubner
1368 1147 1460 1225 suspi-

343 1255 426 1308 catur
450 1247 541 1306 luisse
564 1264 697 1306 caussam
722 1264 826 1306 eorum
848 1244 1056 1323 collegiorum,
1087 1263 1162 1324 quae
1190 1246 1329 1307 dicuntur
1351 1246 1459 1308 saluta·

342 1351 387 1409 ria
396 1344 453 1423 ¹¹1⁷),
471 1354 559 1424 atquc
575 1353 607 1407 ut
621 1348 770 1408 funeraria
787 1346 924 1424 collegia,
941 1348 981 1407 ita
996 1345 1068 1407 baec
1084 1363 1202 1424 quoque
1218 1347 1358 1408 salutaria
1375 1367 1460 1409 nemo

342 1467 403 1510 non
426 1449 504 1509 videt
529 1450 604 1510 miro
632 1449 720 1509 modo
748 1451 906 1510 convenire
934 1467 1001 1510 cum
1031 1456 1150 1510 nostrae
1186 1451 1289 1511 aetatis
1317 1451 1461 1510 institutis

343 1550 496 1612 similibus
534 1551 665 1621 Qumum
683 1550 854 1611 salutarium
878 1549 1072 1628 collegiorum
1089 1549 1241 1628 hucusque
1264 1552 1322 1612 duo
1348 1558 1460 1614 tantum

342 1659 412 1713 nota
433 1661 517 1712 erant
540 1651 689 1729 exempla,
713 1651 799 1722 illud,
823 1652 903 1731 quod
926 1671 1016 1731 supra
1039 1655 1336 1714 commemoravimus
1353 1655 1460 1714 Dianae

344 1763 373 1816 et
394 1756 513 1816 Antinoi
536 1754 729 1814 constitutum
753 1753 875 1814 Lanuvii
898 1762 927 1814 et
949 1753 1105 1832 collegium
1137 1753 1265 1816 salutare
1292 1757 1459 1818 institutum

343 1856 548 1918 conimbricae
571 1857 603 1915 ln
621 1853 846 1934 Lusitania¹¹⁸lz
873 1875 952 1918 nunc
973 1875 1044 1917 vero
1067 1875 1102 1917 ex
1126 1857 1236 1917 nostris
1259 1859 1459 1919 monumentis

341 1960 462 2019 tertium
486 1955 572 2016 nobis
597 1957 730 2017 videmur
752 1975 839 2036 posse
856 1957 988 2029 adicere,
1013 1958 1170 2035 collegium
1187 1957 1316 2022 salutare
1332 1959 1458 2020 familiae

341 2058 562 2120 tabellariorum
587 2059 720 2119 Caesaris
743 2061 851 2129 nostri,
877 2061 926 2137 qui
949 2068 1034 2121 erant
1054 2059 1202 2130 Narbone,
1228 2078 1357 2138 quorum
1380 2079 1458 2121 meu-

342 2160 416 2222 solei
437 2160 555 2222 titulum
580 2163 764 2221 conservavit
784 2162 941 2241 inscriptio
964 2169 1065 2222 nostra
1089 2180 1116 2221 n.
1142 2163 1191 2228 59.

425 2262 485 2323 lam
508 2281 578 2321 vero
601 2263 627 2323 si
648 2261 722 2322 haec
745 2259 867 2340 collegia
890 2283 958 2324 cum
980 2264 1115 2324 instituto
1131 2265 1299 2324 sericorum
1313 2264 1456 2341 Augusta-

341 2365 413 2426 lium
436 2365 634 2433 conserimus,
658 2363 791 2432 ridemus
819 2365 850 2424 in
878 2365 943 2426 aliis
971 2365 1063 2426 rebus
1091 2384 1123 2425 ea
1153 2366 1245 2425 fuisse
1273 2364 1399 2436 similia,
1429 2367 1456 2424 in

342 2464 407 2526 aliis
429 2465 553 2545 diverse.
583 2466 619 2525 Et
641 2467 662 2525 ii
684 2468 735 2545 qui
758 2467 896 2527 funerum
918 2468 1033 2526 ratione
1057 2468 1128 2526 etii
1151 2469 1200 2542 qui
1223 2464 1322 2527 cultus
1338 2468 1456 2545 Augusti

342 2585 445 2628 caussa
468 2565 600 2635 coibant,
625 2585 735 2646 corpus
757 2567 950 2645 collegiumvc
979 2568 1211 2636 constituebant,
1240 2566 1367 2628 eandem
1394 2569 1454 2628 imi-

341 2667 480 2728 tabantur
494 2666 678 2747 reipublicae
692 2671 833 2739 sormam,
859 2670 963 2730 codem
986 2671 1052 2730 iure
1067 2673 1097 2729 in
1115 2668 1215 2729 multis
1230 2668 1337 2738 rebuS,
1363 2669 1455 2747 quoad

343 2769 500 2848 collegium
524 2777 622 2839 erant,
646 2770 838 2840 tenebantur,
864 2771 942 2848 quod
964 2773 1010 2832 ius
1032 2772 1208 2851 praesertim
1231 2770 1402 2850 pertinebat
1422 2769 1455 2830 ad

342 2890 440 2933 arcam
464 2889 666 2940 communem,
692 2873 813 2949 utrique
836 2872 964 2952 denique
988 2880 1073 2935 erant
1094 2872 1203 2933 liberti.
1234 2873 1270 2932 At
1293 2873 1454 2932 sevirorum

340 2974 544 3052 Augustalium
568 2991 670 3034 caussa
693 2974 880 3054 municipalis
904 2982 981 3044 erat,
1012 2982 1044 3035 nt
1066 2977 1117 3054 qui
1144 2992 1199 3052 pro
1221 2972 1334 3054 populo
1362 2974 1453 3034 muni·

342 3077 411 3155 cipii
434 3076 567 3137 colerent
589 3092 704 3152 numen,
716 3075 854 3153 Augusti,
879 3075 1072 3154 collegiorum
1090 3076 1334 3136 luneratieiorum
1356 3093 1456 3136 caussa

342 3193 424 3238 mere
452 3179 579 3256 privata,
604 3178 652 3237 cui
680 3178 795 3237 rationi
817 3195 876 3237 non
904 3177 1016 3247 obstat,
1046 3178 1124 3256 quod
1153 3176 1297 3254 quaedam
1321 3177 1455 3255 opiticum

341 3277 466 3355 collegia
495 3277 530 3337 ad
559 3276 693 3355 publicos
723 3297 794 3338 usus
823 3278 958 3340 solebant
990 3277 1134 3339 adbiberi.
1185 3276 1288 3354 ltaque
1321 3279 1408 3338 seviri
1439 3295 1456 3336 a

344 3376 556 3440 decurionibus
580 3380 823 3450 nominabantur,
847 3381 926 3441 inter
949 3381 1070 3442 ordines
1086 3378 1281 3458 municipales
1303 3398 1390 3440 suum
1404 3378 1455 3440 ba·

342 3480 453 3542 bebant
475 3481 587 3549 locum,
619 3475 765 3542 summam
788 3481 977 3543 honorariam
1005 3501 1065 3542 non
1092 3483 1122 3542 in
1152 3499 1250 3542 aream
1279 3483 1325 3541 sui
1350 3498 1454 3560 corpo·

343 3585 401 3652 ria,
427 3583 478 3643 secl
501 3584 531 3642 in
554 3601 652 3643 arcam
676 3601 863 3644 communem
882 3586 1036 3663 municipii
1064 3583 1276 3651 conserebant,
1307 3590 1393 3662 atque
1421 3600 1456 3641 ex

344 3685 398 3744 bac
420 3687 484 3762 ipsa
508 3702 611 3744 caussa
633 3685 829 3763 intellegitur,
855 3685 1003 3763 quomodo
1026 3687 1091 3754 liat,
1116 3692 1147 3746 ut
1169 3687 1199 3745 in
1214 3681 1457 3762 inscriptionibus

343 3786 453 3847 nostris
474 3803 512 3845 ne
535 3804 626 3846 unum
650 3787 769 3866 quidem
790 3789 975 3848 inveniamus
997 3793 1154 3867 patronum
1181 3787 1347 3847 sevirorum
1369 3791 1399 3844 et
1426 3785 1456 3844 in

342 3883 465 3964 reliquis
487 3906 606 3966 quoque
628 3889 746 3967 lmperii
768 3887 901 3966 partibus
924 3890 1067 3950 rarissimi
1090 3887 1159 3949 sunt
1180 3889 1299 3969 patroni
1312 3887 1456 3980 Augusta·

412 4155 493 4220 116a)
512 4157 545 4210 L.
565 4158 578 4205 1
600 4171 640 4222 pr.
658 4157 723 4222 Dig.
743 4156 813 4221 quod
832 4158 934 4210 euiusc.
954 4158 1074 4210 univers.
1094 4161 1148 4209 etc.
1169 4155 1205 4222 (3,
1224 4156 1260 4222 4).
1284 4156 1353 4211 Plin.
1374 4155 1456 4222 epIst.

287 4247 293 4256 “
344 4243 357 4292 1
408 4243 496 4294 35s·.

359 4245 389 4305 0,
413 4257 661 4391 uononatsber.
679 4326 728 4376 der
745 4325 872 4376 Berliner
889 4326 979 4378 Akad.
999 4329 1064 4378 1861
1082 4344 1110 4394 p.
1128 4329 1177 4379 att
1196 4342 1237 4393 sq.

313 4432 315 4436 .
413 4408 471 4472 118)
490 4409 578 4460 Orelli
595 4411 670 4462 2415.
705 4411 820 4460 Hiibner
837 4411 855 4461 l.
874 4410 893 4462 l.
