3154 5162
353 468 413 530 146
742 464 829 524 PAus
850 465 881 523 ll.
924 466 1029 524 CAPV'l
1051 466 1071 526 l.

434 631 558 694 Restant
580 631 675 692 ultimi
698 634 729 693 in
752 632 807 693 hac
822 633 991 712 provinciae
1007 639 1092 711 parte
1107 631 1245 702 Tricolli,
1269 651 1344 712 qnos
1359 632 1462 696 Strabo

350 737 449 795 minus
464 740 546 796 recte
562 735 714 796 Tricorios
730 733 858 814 appellat
876 733 939 814 (cir.
955 753 1046 814 supra
1067 753 1097 813 p.
1113 739 1183 801 135.
1201 753 1230 794 n.
1248 733 1297 812 19)
1320 743 1349 796 et
1364 735 1460 796 leonii.
1562 771 1563 832 ἐ

351 837 482 908 Quorum
505 836 591 898 sedes
614 835 799 898 definiendae
822 843 892 898 sunt
918 854 955 895 ex
982 835 1091 897 sinibus
1113 835 1326 906 Medullorum,
1358 836 1463 914 quibus
1562 837 1563 878 l

351 946 436 1000 erant
463 939 593 1000 finitimi:
628 945 658 999 et
685 937 791 1000 Strabo
821 937 940 1014 quidem
952 933 989 1015 30)
1020 937 1105 1007 dicit,
1135 936 1279 1000 lledullos
1308 955 1402 1016 usque
1430 937 1462 998 ad

350 1060 465 1102 summa
487 1040 605 1120 Alpium
627 1042 696 1117 iuga
718 1038 882 1108 habitasse,
907 1045 995 1116 atque
1018 1056 1198 1118 quamquam
1226 1041 1298 1100 satis
1319 1042 1463 1100 incertum
1562 1115 1563 1136 ἦ

351 1151 397 1204 est
418 1143 475 1203 hoc
497 1143 718 1211 testimonium,
747 1149 846 1202 tamen
873 1159 933 1202 non
964 1158 1041 1219 nego
1071 1141 1137 1202 fleri
1164 1159 1268 1220 posse,
1292 1149 1327 1202 ut
1347 1141 1464 1204 Medulli
1562 1179 1563 1228 3

349 1243 547 1324 provinciales
569 1244 659 1306 medii
681 1245 760 1304 iuter
781 1243 935 1321 Caturiges
959 1250 988 1303 et
1009 1243 1173 1304 Ceutrones
1194 1245 1318 1323 propius
1346 1244 1383 1304 ad
1406 1242 1464 1304 cul·
1562 1237 1563 1254 ²

349 1349 428 1407 mina
452 1344 568 1425 Alpium
591 1347 779 1406 accesserint.
825 1345 903 1406 'lum
925 1362 995 1404 vero
1018 1344 1146 1405 Tricorii
1174 1353 1203 1406 et
1224 1347 1316 1407 leonii
1343 1363 1464 1406 necesse
1562 1331 1563 1398 ζ

350 1455 395 1508 est
416 1449 568 1508 tenuerint
590 1447 694 1508 vallem
716 1446 798 1508 fluvii
820 1447 920 1527 lirae,
943 1452 1032 1525 atque
1055 1463 1130 1524 quae
1158 1448 1235 1527 apud
1263 1445 1464 1527 geographum
1561 1435 1563 1496 l

349 1549 548 1610 Ravennatem
573 1549 610 1627 lp.
636 1545 707 1626 241)
730 1550 809 1608 inter
832 1547 1010 1610 Cularonem
1033 1555 1062 1610 et
1083 1549 1276 1613 Catorissium
1306 1557 1352 1610 est
1379 1550 1464 1610 statio
1562 1557 1563 1576 ¹

349 1651 452 1720 Fines,
476 1652 550 1710 fines
573 1656 602 1711 et
624 1649 730 1712 harum
752 1651 884 1728 gentium
915 1657 944 1710 et
967 1652 1124 1712 universae
1152 1653 1321 1730 provinciae
1350 1651 1465 1712 videtur
1562 1667 1563 1702 t

349 1752 498 1820 indicare;
522 1753 608 1813 cuius
631 1751 688 1813 luri
711 1754 803 1822 situs,
827 1771 894 1814 cum
918 1751 1016 1812 desint
1037 1753 1116 1832 apud
1131 1754 1332 1821 Ravennatem
1354 1756 1465 1816 viarum
1562 1827 1563 1840 χ

349 1872 521 1922 mensurae,
551 1855 719 1915 accuratius
747 1853 865 1914 deliniri
893 1872 951 1914 non
981 1860 1093 1932 potest;
1124 1873 1180 1916 nec
1208 1857 1266 1916 nisi
1294 1856 1324 1916 id
1352 1864 1465 1918 certum
1562 1847 1563 1852 ’

350 1963 409 2024 est,
434 1957 512 2016 circa
534 1956 707 2016 inferiorem
730 1954 853 2017 lluvium
876 1954 1048 2016 moenere
1070 1975 1138 2016 eum
1161 1975 1228 2018 esse
1250 1958 1462 2034 quaerendum.

349 2058 499 2138 Oppidum
526 2075 596 2118 vero
625 2056 741 2119 nullum
772 2058 805 2118 in
833 2056 880 2118 his
908 2057 981 2118 loeis
1011 2060 1134 2137 proprio
1159 2059 1226 2120 iure
1255 2059 1373 2120 videtur
1402 2076 1465 2119 esse

349 2162 556 2229 constitutum,
581 2159 632 2219 sed
656 2159 754 2220 omnia
777 2158 942 2220 Deensibus
965 2158 1119 2229 attributa,
1143 2176 1202 2237 que
1231 2160 1318 2221 modu
1344 2179 1413 2221 eum
1438 2165 1466 2220 et

348 2261 455 2323 horum
480 2267 509 2320 ct
531 2263 715 2323 Vasiensium
737 2263 800 2339 agri
823 2260 912 2322 latius
934 2268 1083 2340 paterent,
1115 2279 1201 2339 quam
1232 2263 1283 2339 qui
1311 2261 1465 2322 commode

348 2370 470 2442 possent
492 2361 707 2431 administrari,
731 2362 818 2424 facile
840 2360 1039 2431 intellexeris,
1063 2381 1118 2424 cur
1142 2365 1303 2443 Vapineum
1325 2371 1357 2424 et
1371 2364 1464 2441 Segu-

349 2472 429 2525 stero
452 2465 575 2544 proprio
597 2466 662 2525 iure
684 2472 787 2544 postea
810 2466 869 2526 sint
891 2466 1062 2526 constituta.

433 2567 466 2627 ln
490 2574 621 2626 extrema
643 2569 795 2645 provincia
819 2564 1045 2646 septentrionali
1066 2566 1180 2629 inclusa
1202 2569 1281 2629 inter
1302 2568 1416 2630 lsaram
1437 2575 1465 2628 et

349 2685 481 2729 summas
508 2666 597 2746 Alpes
624 2674 654 2728 et
676 2667 852 2729 Rhodanum
880 2675 1031 2746 tamquam
1059 2670 1091 2728 in
1118 2669 1261 2731 custodia
1278 2671 1376 2749 posita
1405 2677 1467 2730 erat

348 2776 571 2843 Allobrogum
587 2769 680 2841 valida
703 2777 732 2830 et
754 2787 914 2831 numerosa
936 2787 1024 2847 gens,
1048 2787 1124 2849 quae
1147 2787 1207 2848 quo
1223 2762 1392 2851 promptius
1415 2790 1464 2832 eu·

349 2870 498 2933 studiendi
520 2890 628 2933 munus
644 2873 821 2951 susciperet,
845 2873 962 2933 civitate
978 2873 1110 2934 Romana
1126 2881 1189 2934 erat
1205 2872 1320 2935 donata.
1352 2874 1465 2934 Horum

347 2976 422 3036 lines
445 2993 462 3033 a
483 2973 610 3034 meridie
632 2975 754 3052 quidem
784 2981 813 3034 et
835 2974 990 3034 occidente
1018 2993 1053 3036 ae
1081 2969 1284 3052 septentrione
1312 2978 1386 3037 satis
1416 2975 1465 3036 de-

347 3078 421 3137 liniti
444 3083 544 3147 erant,
568 3077 619 3138 sed
648 3078 701 3154 qui
728 3076 764 3137 ab
793 3077 909 3136 oriente
938 3077 1059 3136 termini
1088 3082 1118 3136 ei
1144 3076 1235 3140 lanius
1260 3079 1410 3140 territorii
1438 3082 1466 3135 et

347 3180 439 3239 totius
462 3179 631 3256 provinciae
653 3180 780 3248 luerint,
805 3184 851 3239 est
872 3177 1085 3256 quaerendum.
1131 3179 1231 3258 Usque
1256 3178 1291 3239 ad
1315 3179 1464 3240 Genavam
1542 3257 1545 3264 Ι

347 3281 451 3356 utique
466 3278 639 3358 Allobroges
654 3281 835 3360 pertinuisse
851 3298 941 3359 supra
965 3279 1003 3359 (p.
1021 3284 1070 3345 91.
1088 3277 1140 3356 94)
1158 3279 1291 3350 vidimus,
1315 3301 1332 3342 a
1348 3281 1464 3342 Genava

348 3387 446 3441 autem
470 3383 615 3442 orientem
638 3400 743 3444 versus
765 3380 844 3443 haud
866 3381 955 3458 longe
971 3381 1081 3442 aluisse
1096 3381 1170 3442 fines
1185 3383 1372 3461 provinciae,
1397 3383 1465 3444 inde

346 3482 495 3552 videmuS,
520 3483 598 3562 quod
621 3483 798 3553 Nantuates,
822 3483 1014 3560 Allobrogum
1037 3483 1170 3554 finitimi,
1202 3491 1232 3544 et
1261 3485 1318 3562 ipsi
1348 3492 1464 3562 partem

347 3583 429 3646 lacus
452 3584 594 3645 lemanni
623 3584 798 3646 obtinebant
821 3586 918 3666 (Caes,
943 3584 971 3645 b·
995 3603 1023 3662 g.
1048 3589 1082 3653 3,
1108 3582 1157 3662 1);
1187 3600 1279 3664 porro
1308 3587 1465 3646 meridiem

346 3703 465 3753 versus,
490 3685 542 3744 ubi
557 3687 722 3748 Ceutrones
744 3689 861 3748 finitimi
883 3689 961 3748 circa
977 3685 1117 3765 oppidum
1133 3685 1336 3749 Tarantasiam
1359 3705 1464 3765 agrum

347 3787 498 3858 colebant,
524 3790 576 3865 qui
596 3787 685 3849 hodie
707 3789 815 3850 dicitur
837 3793 867 3850 lc
894 3789 1072 3849 Toruatuise
1099 3789 1159 3848 sive
1186 3791 1356 3867 regionem,
1390 3807 1464 3866 quae

346 3892 474 3950 interest
495 3891 574 3950 inter
597 3890 706 3951 lsaram
730 3892 915 3969 superiorem
944 3898 972 3951 et
994 3889 1116 3950 fluvium
1140 3890 1215 3963 Arc,
1243 3889 1333 3950 alium
1361 3891 1464 3951 termi-

346 4011 417 4054 num
440 3992 609 4072 suppeditat
636 3994 722 4052 statio
751 3994 896 4053 itinerarii
919 3993 963 4073 (p.
988 3996 1064 4058 346;
1089 3991 1148 4052 tab.
1173 3989 1273 4069 Peut.)
1303 3992 1339 4052 ad
1361 3992 1464 4054 Publi-

346 4113 450 4165 canoS,
476 4112 551 4172 quae
572 4095 639 4173 ipso
662 4096 781 4154 nomine
803 4094 913 4154 indicat
936 4092 1060 4153 eonssuia
1079 4094 1249 4171 provinciae
1265 4093 1464 4156 Ceutronum·

415 4331 457 4391 30)
478 4331 578 4380 Strabo
591 4331 637 4380 lv.
656 4345 682 4395 p.
697 4332 759 4380 2032
778 4323 850 4395 pecul
869 4323 902 4380 dl
917 4319 1111 4388 Οὐοκοντίους
1126 4319 1240 4380 ’ludvici
1252 4326 1301 4380 aul
1316 4323 1467 4395 Τρικόριοι

346 4412 395 4464 καὶ
413 4403 476 4479 μετ’
494 4405 599 4473 αὐτοὺς
617 4409 794 4474 Midouiloc,
814 4411 897 4478 οἷπερ
914 4406 966 4472 τὰς
984 4403 1168 4478 ὑψηλοτάτοις
1187 4407 1282 4478 ἔχουσι
1300 4407 1445 4478 κορυφάς.
