3154 5162
344 434 405 497 152
728 427 811 486 PARS
833 429 864 485 ll.
910 426 1016 484 utrvr
1038 425 1069 482 ll.

343 617 400 677 que
424 615 513 676 saepe
536 601 630 665 esset,
659 594 739 672 qrrod
766 597 791 656 si
814 612 890 673 quae
919 592 1035 672 legibus
1062 592 1121 654 illis
1149 593 1247 654 miuus
1268 593 1346 654 bene
1375 601 1451 654 cauta

344 707 443 770 erant,
468 700 528 760 sive
551 697 608 759 alia
631 698 773 785 temporis
795 698 871 758 ratio
893 696 1088 758 mutationem
1114 697 1224 756 veteris
1252 697 1381 757 instituti
1405 697 1450 756 lla·

342 801 462 884 gitabat,
487 803 684 880 imperatores
700 798 958 860 constitutionibus
974 799 1037 860 suis
1052 815 1086 857 ea
1110 797 1285 878 supplerent
1308 803 1337 860 et
1359 798 1450 858 deter-

343 907 499 966 minarent.
538 901 628 963 Cuius
650 903 768 980 generis
791 901 997 981 supplementa
1019 901 1182 980 composita
1204 899 1296 962 habes
1317 901 1350 960 in
1372 901 1450 978 llige·

343 1014 458 1070 storum
479 1004 556 1066 libro
579 1005 835 1085 quinquagesimo.
872 1003 982 1065 Contra
1003 1001 1099 1082 probe
1122 1001 1158 1062 ab
1181 1001 1361 1081 oppidorum
1382 1008 1451 1064 statu

343 1109 536 1171 Constantino
559 1108 709 1168 anteriore
732 1104 940 1184 distinguenda
963 1110 1047 1175 sunt,
1076 1122 1153 1184 quae
1179 1105 1211 1164 in
1237 1104 1340 1164 codice
1363 1103 1452 1164 'ibeo-

343 1211 465 1272 dosiano
488 1209 524 1270 de
548 1206 736 1270 saeculorum
757 1227 786 1288 p.
811 1207 863 1269 Ch.
888 1209 986 1287 quarti
1009 1211 1039 1267 et
1061 1207 1156 1285 quinti
1178 1207 1319 1268 institutis
1348 1207 1452 1268 inveni·

343 1330 426 1381 mus;
456 1312 635 1390 quamquam
665 1311 745 1370 enim
772 1328 811 1370 ne
845 1310 876 1369 in
901 1309 953 1370 illo
983 1309 1101 1388 quidem
1135 1307 1212 1368 libro
1240 1308 1353 1378 desint,
1385 1326 1453 1389 quae

343 1415 475 1494 priorem
505 1418 630 1473 aetatem
664 1411 827 1482 illustrent,
864 1418 892 1472 et
927 1428 1106 1489 quamquam
1139 1410 1222 1470 initia
1257 1411 1455 1472 institutorum

344 1517 546 1596 posteriorum
566 1515 624 1574 iam
647 1533 683 1573 er
706 1513 838 1574 secundo
860 1532 890 1593 p.
908 1514 959 1575 Cb.
985 1513 1103 1574 sacculo
1125 1511 1287 1592 repetenda
1310 1519 1394 1581 sunt,
1416 1519 1453 1571 ta·

344 1635 413 1678 men
438 1618 593 1677 universus
616 1617 660 1675 rei
683 1614 871 1693 municipalis
891 1618 942 1693 qui
964 1614 1005 1676 ibi
1027 1614 1207 1676 describitur
1231 1620 1324 1674 status
1348 1612 1455 1674 alienus

345 1721 408 1779 erit
430 1738 446 1778 a
470 1724 550 1778 statu
572 1719 718 1796 temporis
740 1716 963 1796 praecedentis,
992 1717 1070 1795 quod
1093 1717 1252 1778 discrimen
1281 1717 1332 1793 qui
1361 1714 1454 1793 negle-
1547 1694 1550 1734 ⁴³

344 1826 470 1888 xerunt,
493 1817 593 1880 multis
616 1817 769 1878 erroribus
791 1819 914 1879 luerunt
936 1819 1065 1880 obnoxii.

430 1923 538 1982 Verum
563 1938 667 1981 omnes
690 1920 836 1980 eiusmodi
858 1921 1066 2000 descriptionis
1089 1926 1209 1980 nostrae
1236 1925 1337 1998 partes
1366 1920 1455 1980 incer·

343 2031 390 2085 tae
425 2029 524 2084 essent
557 2029 586 2082 et
619 2020 725 2082 dubiae
758 2021 842 2092 fidei,
879 2024 936 2083 nisi
966 2022 1003 2083 de
1036 2023 1117 2082 omni
1149 2040 1183 2082 re
1218 2039 1255 2082 ex
1288 2022 1457 2082 certissimis
1550 1999 1551 2068 l

309 2112 313 2119 ¹
344 2127 477 2186 omnium
494 2133 523 2186 et
538 2124 716 2185 fidelissimis
732 2123 859 2185 testibus
874 2124 974 2186 iudicii
990 2125 1086 2185 nostri
1101 2141 1236 2184 normam
1249 2140 1456 2200 quaereremus
1550 2127 1551 2144 ¹

345 2235 375 2288 et
396 2226 545 2319 regulam,
571 2245 607 2285 ex
629 2224 874 2306 inscriptionibus
896 2226 1023 2296 scilicet,
1048 2244 1123 2305 quae
1147 2245 1183 2288 ex
1205 2243 1312 2304 magna
1327 2232 1456 2286 veterum
1550 2249 1552 2318 ἲ

345 2330 516 2410 provinciae
538 2327 742 2390 Narbonensis
764 2334 850 2408 parte
873 2327 961 2389 hodie
984 2346 1103 2408 quoque
1126 2335 1235 2428 extant

346 2523 374 2577 1.
397 2521 447 2576 De
468 2517 677 2585 nominibus,
700 2519 901 2588 generibus,
923 2520 998 2576 iure
1012 2519 1228 2588 oppidorum,
1252 2520 1295 2578 de
1309 2519 1407 2590 pagis
1428 2521 1458 2576 et

854 2622 948 2680 vicis.
1063 2671 1065 2674 .
1348 2700 1356 2708 ι

432 2736 496 2808 Quo
530 2744 666 2816 tempore
692 2739 843 2814 Augustus
878 2739 993 2798 senatui
1026 2737 1209 2816 provinciam
1237 2735 1459 2798 Narbonensem

345 2837 479 2907 tradidit,
505 2838 611 2918 oppida
634 2841 665 2900 in
689 2858 721 2901 ea
745 2845 828 2900 erant
851 2837 940 2900 haec:

429 2941 451 3000 1.
476 2940 614 3002 Coloniae
630 2943 738 3002 civium
752 2939 972 3004 Romanorum:
996 2938 1112 3011 Arelas,
1134 2941 1273 3010 Arausio,
1290 2941 1458 3009 Baeterrae,

345 3042 456 3105 Forum
478 3043 558 3114 lulii,
583 3044 683 3105 Narbo
706 3044 846 3112 Martius,
870 3042 1017 3112 Valentia,
1041 3043 1153 3104 Vienna
1178 3077 1212 3088 —
1237 3061 1366 3104 numero
1382 3043 1439 3104 Vll.

429 3143 464 3204 ll.
490 3144 604 3224 Oppida
627 3147 733 3206 civium
756 3145 942 3206 Latinorum:
966 3145 1067 3214 Aeria,
1091 3144 1163 3206 Alba
1185 3144 1375 3216 Helviorum,
1398 3145 1460 3207 Ale·

345 3244 418 3306 beee
455 3245 598 3306 Reiorum
629 3245 858 3325 Apollinarium,
895 3246 1035 3316 Anatilia,
1070 3245 1230 3325 Antipolis,
1270 3249 1346 3327 Apta
1381 3247 1458 3316 Iulia,

345 3346 445 3424 Aquae
469 3345 602 3416 Sextiae,
625 3348 751 3418 Avenio,
779 3349 910 3425 Augusta
932 3348 1184 3419 Tricastinorum,
1208 3348 1386 3420 Rormanni,
1411 3350 1460 3411 Ca·

345 3445 450 3515 bellio,
482 3446 679 3509 Cambolectri
708 3448 861 3519 Atlantici,
892 3449 1066 3521 Carcasum,
1096 3451 1344 3530 Carpentoraete,
1378 3451 1459 3512 Ceni-

346 3565 470 3617 censes,
492 3549 635 3619 Cessero,
661 3550 833 3620 Comacina,
857 3551 969 3612 Forum
991 3554 1127 3623 Voconii,
1152 3553 1278 3615 Glanum
1294 3553 1385 3624 Livii,
1408 3553 1461 3614 Lo·

345 3657 424 3716 teva,
459 3650 639 3720 Nemausus,
677 3652 834 3722 Piscenae,
868 3653 1013 3725 Ruscino,
1047 3655 1195 3724 Ruteuae,
1234 3655 1460 3736 Samnagenses,

345 3751 613 3822 Tarusconienses,
637 3752 779 3822 Tasconi,
804 3753 928 3824 Tolosa,
953 3756 1123 3817 Umbranici
1149 3790 1182 3800 -
1209 3775 1335 3818 numero
1359 3755 1460 3824 xxix,

346 3854 397 3930 qui
418 3871 577 3934 numerus,
600 3860 759 3933 postquam
775 3866 965 3917 accesserunt
980 3858 1079 3928 Dinia,
1098 3858 1274 3936 Segustero,
1296 3858 1459 3926 Sextantio,

346 3956 508 4034 Vapincum
531 3957 667 4017 secundo
684 3975 713 4036 p.
739 3956 790 4017 Ch.
816 3958 934 4019 saeculo
958 3967 1022 4020 erat
1043 3959 1172 4020 XXXlll.

429 4057 477 4119 lll.
504 4057 609 4118 Civitas
632 4057 784 4119 foederata
807 4060 1019 4121 Vocontiorum
1041 4062 1106 4122 iure
1121 4060 1196 4121 Latii
1218 4061 1325 4121 donata
1351 4069 1383 4122 et
1405 4061 1462 4121 dis·

345 4158 454 4220 tributa
483 4158 599 4240 oppidis
627 4161 725 4222 tribus
752 4161 859 4220 civium
887 4160 1060 4223 Latinorum
1089 4164 1166 4223 Deae
1187 4164 1352 4242 Augustae,
1385 4163 1463 4224 Luco

345 4260 477 4342 Augusti,
502 4262 630 4332 Vasioni,
655 4280 730 4340 quae
753 4265 778 4322 si
800 4260 923 4340 reliquis
946 4264 1064 4344 oppidis
1078 4264 1191 4326 Latinis
1214 4265 1461 4333 adnumerantur,

346 4361 503 4422 universus
526 4365 675 4424 civitatum
699 4350 872 4425 Latinarum
894 4382 1038 4430 numerus
1061 4374 1125 4430 erat
1146 4365 1273 4430 XXXVI.
