3184 5162
573 449 658 507 PARS
679 451 697 508 1.
743 449 849 508 GtPVT
871 451 890 508 1.
1249 455 1289 518 39

161 622 303 702 spicitur,
329 627 359 682 et
375 617 520 680 Gallicum
544 619 722 698 scriptorem
745 625 775 678 et
790 617 936 681 Graccum
953 639 970 680 a
985 619 1221 682 Massiliensibus
1242 622 1288 682 in·

162 731 249 786 venta
273 723 350 784 haec
372 721 534 791 audivisse,
558 740 685 802 quorum
708 723 865 790 intererat,
890 724 1050 783 amicitiam
1066 722 1230 786 Romanam
1252 741 1288 784 ex

162 833 262 888 aetate
292 844 382 906 quam
409 826 538 886 maxime
572 829 686 885 remota
716 831 870 903 repetere;
905 833 935 884 at
962 825 1085 886 Diodori
1119 825 1223 886 saltem
1251 826 1289 886 de

161 928 308 990 thesauro
331 925 476 1006 Delphico
498 923 733 987 Massiliensibus
756 945 823 986 cum
846 927 988 989 Romanis
1011 929 1161 988 communi
1183 927 1288 990 relatio

161 1029 239 1092 nihil
253 1029 355 1099 hahet,
380 1029 459 1108 quod
483 1036 599 1090 moveat
621 1031 832 1109 suspicionem,
858 1036 946 1108 atque
968 1047 1043 1108 quae
1059 1029 1287 1090 Massiliensium

162 1152 271 1194 caussa
309 1134 340 1192 in
373 1132 439 1192 loro
472 1131 606 1192 Romano
641 1138 749 1209 quarto
782 1149 808 1191 a.
838 1129 889 1192 Cb.
923 1129 1041 1191 saeculo
1074 1133 1208 1192 instituta
1244 1138 1289 1192 est

162 1235 386 1303 Graecostasts,
409 1235 471 1294 sive
493 1240 664 1294 exterorum
687 1215 852 1310 legatorum
875 1232 959 1294 locus
980 1235 1011 1293 in
1034 1231 1212 1312 spectaculis
1234 1231 1287 1293 bo·

161 1332 348 1414 perarmet),
371 1354 476 1397 revera
500 1335 570 1396 satis
592 1337 743 1414 antiquam
765 1333 873 1414 prohat
894 1336 1097 1396 Romanorum
1119 1354 1187 1396 cum
1210 1336 1286 1397 Mas-

162 1439 333 1502 siliensium
370 1438 487 1500 civitate
522 1438 772 1498 coniunctionem.
825 1437 907 1507 Quae
940 1439 1024 1498 initio
1058 1438 1178 1517 quidem
1210 1437 1288 1501 haud

163 1541 256 1602 dubie
280 1541 452 1602 commercii
474 1541 574 1619 potius
596 1557 701 1600 caussa
723 1539 857 1600 instituta
881 1547 941 1609 est,
966 1559 1056 1619 quam
1077 1541 1128 1609 ita,
1152 1546 1185 1601 ut
1207 1559 1287 1602 com·

162 1646 250 1706 muni
279 1639 404 1703 consilio
432 1643 463 1701 in
494 1641 625 1702 externis
653 1639 745 1700 rebus
773 1649 909 1718 agerent,
938 1659 1042 1703 verum
1068 1641 1138 1704 inde
1165 1661 1182 1704 a
1209 1641 1288 1704 bello

162 1747 280 1810 Punico
302 1742 493 1813 Hannibalis,
524 1760 592 1804 cum
614 1741 817 1804 Romanorum
847 1741 950 1804 hostes
974 1751 1004 1804 et
1025 1746 1288 1825 proficiscerentur

163 1867 201 1908 er
215 1847 359 1926 Hispania
372 1852 402 1906 et
415 1847 446 1906 in
463 1843 545 1905 ltalia
561 1846 693 1923 primum
710 1847 842 1906 omnium
858 1853 997 1926 peterent
1011 1849 1166 1925 regionem
1176 1847 1287 1908 Trans·

162 1950 312 2030 padanam
341 1945 574 2008 Massiliensibus
595 1949 736 2016 vicinam,
760 1946 862 2008 hostes
882 1954 982 2009 autem
1002 1947 1046 2007 illi
1066 1949 1155 2008 iidem
1176 1955 1286 2018 essent,

163 2071 232 2113 cum
256 2048 367 2130 quihus
389 2047 459 2109 olim
482 2050 627 2110 acerrime
643 2049 819 2111 dimicarant
834 2048 1041 2118 Massilienses,
1065 2067 1190 2110 necesse
1213 2057 1285 2119 erat,

163 2161 269 2214 contra
285 2169 474 2214 communem
491 2152 644 2212 inimicum
660 2170 721 2221 eos,
738 2152 789 2231 qui
803 2153 861 2212 iam
877 2158 964 2211 antea
978 2150 1123 2212 foederati
1138 2158 1231 2221 crant,
1251 2169 1286 2212 eo

164 2257 277 2317 arctius
299 2255 359 2316 iam
380 2254 458 2315 inter
481 2271 514 2314 sc
536 2254 685 2331 coniungi.
731 2253 826 2332 Atque
850 2255 926 2314 sicut
940 2251 1066 2314 Romani
1088 2254 1159 2313 satis
1181 2254 1286 2314 iamin

163 2357 248 2419 ltalia
270 2357 472 2436 proiecerant,
496 2363 530 2417 ut
551 2375 606 2435 pro
628 2355 715 2416 firmo
736 2355 886 2435 praesidio
909 2363 1010 2416 essent
1032 2356 1162 2425 Graecis,
1185 2357 1225 2416 ita
1248 2374 1287 2416 ne

163 2457 393 2522 Massiliensium
422 2457 542 2538 quidem
570 2457 712 2519 auxilium
740 2459 823 2537 parvi
852 2463 916 2518 erat
942 2457 1167 2520 aestimandum.
1212 2458 1285 2519 Nam

165 2564 222 2624 etsi
244 2562 375 2640 impares
403 2561 526 2622 luerunt
552 2559 745 2640 impediendo
767 2559 940 2622 Hannibalis
969 2569 1057 2638 atque
1086 2567 1189 2640 postea
1211 2559 1285 2621 Has·

164 2662 300 2726 druhaHs
327 2681 383 2741 per
406 2659 530 2725 Galliam
558 2662 675 2730 itineri,
704 2667 805 2722 tamen
831 2680 892 2723 non
919 2660 1017 2723 solum
1045 2664 1228 2723 maritimum
1255 2663 1286 2722 in

164 2765 338 2846 Hispaniam
360 2765 417 2825 iter
439 2763 566 2826 liberum
589 2764 731 2826 Romanis
761 2764 905 2826 classibus
926 2763 1098 2834 servabant,
1128 2763 1180 2824 sed
1203 2765 1288 2842 quasi

165 2870 196 2930 in
220 2866 342 2947 specula
368 2868 460 2945 positi
480 2873 629 2946 perpetuo
652 2866 768 2944 vigilem
797 2873 900 2926 contra
926 2866 1028 2926 hostes
1051 2865 1214 2926 custodiam
1237 2883 1287 2923 ex·

166 2968 325 3039 ercebant,
362 2987 459 3048 neque
487 2970 566 3030 inter
598 2968 718 3029 iberum
748 2975 777 3028 et
805 2969 973 3047 Pyrenaeos
1002 2967 1087 3027 firme
1121 2966 1286 3026 consistere

164 3071 295 3152 indeque
312 3069 423 3132 bellum
438 3072 469 3132 in
485 3070 661 3133 ulteriorem
676 3053 846 3150 Hispaniam
863 3085 1029 3148 propagare
1044 3068 1212 3146 potuissent
1225 3066 1285 3126 Ro·

166 3175 262 3243 mani,
286 3173 344 3236 nisi
366 3172 550 3234 Graecorum
573 3181 633 3233 tam
656 3173 920 3252 Emporitanorum
943 3189 1031 3250 quam
1055 3167 1283 3230 Massiliensium

165 3284 229 3337 tuta
251 3277 290 3335 iis
312 3275 418 3335 luisset
439 3276 575 3335 amicitia.
611 3274 667 3345 Qui
689 3292 791 3335 rerum
807 3280 872 3334 stat
859 3281 917 3342 tus,
942 3291 1010 3334 cum
1026 3271 1166 3350 largius
1158 3289 1218 3332 ram
1234 3289 1285 3332 er·

166 3387 247 3466 ueras
269 3395 320 3440 res
342 3377 475 3437 reserant
496 3375 618 3438 annales
639 3376 780 3444 Romani,
813 3373 1017 3454 compluribus
1045 3372 1174 3435 illustrat
1161 3382 1211 3435 tur
1235 3391 1285 3434 ex·

167 3479 289 3559 emptis:
318 3478 451 3540 Primum
473 3484 631 3560 postquam
654 3478 689 3539 ad
713 3477 907 3558 aperiendum
928 3497 995 3538 cum
1011 3477 1151 3537 Romanis
1173 3474 1286 3536 bellum

167 3581 323 3642 iberumt
310 3580 429 3641 transiit
451 3579 606 3650 Hannibal,
630 3578 857 3642 Massiliensium
880 3579 967 3658 legati
982 3579 1123 3640 Romanis
1145 3576 1175 3637 id
1191 3595 1284 3638 enun-

166 3678 285 3761 tiant⁷);
316 3681 354 3742 ad
382 3699 470 3762 quem
498 3683 633 3742 nuntium
658 3701 726 3742 cum
755 3683 851 3743 statim
875 3680 1032 3742 Massiliam
1056 3699 1088 3742 se
1111 3677 1288 3740 contulisset

166 3786 197 3846 P.
224 3785 341 3864 Scipio,
371 3783 553 3844 Graecorum
582 3782 624 3844 ibi
646 3785 840 3845 mercenariis
863 3782 981 3844 Gallicis
1009 3784 1102 3843 utitur
1124 3779 1160 3841 ad
1184 3778 1285 3858 explo-

167 3885 294 3947 randum
316 3883 489 3946 Hannibalis
510 3882 613 3964 iter⁸);
643 3884 750 3946 deinde
779 3904 847 3946 cum
875 3904 936 3946 non
959 3885 1148 3962 contigisset,
1177 3888 1210 3941 ut
1232 3880 1285 3941 ob·

168 3995 261 4049 staret
292 3985 451 4048 Hannibali
482 3983 659 4048 Rhodanum
692 3981 939 4065 transgredienti,
977 3987 1094 4047 Gnaeus
1132 3983 1225 4042 irater
1254 3983 1287 4040 in

235 4239 262 4306 6)
281 4238 340 4291 cn.
358 4238 526 4299 Mommsen,
543 4238 575 4289 B.
594 4237 628 4290 (t.
646 4240 671 4301 1,
689 4240 748 4294 389.
765 4240 830 4291 4241·

235 4321 264 4389 t)
281 4325 344 4376 Liv.
363 4325 409 4384 21,
428 4324 471 4374 25.

234 4407 261 4476 8)
279 4408 343 4464 civ.
361 4409 409 4476 21,
427 4407 472 4459 26.
504 4406 601 4480 Polyb.
620 4409 650 4476 3,
667 4409 709 4465 41.
