3154 5162
527 491 609 547 elas
632 491 649 546 l.
694 490 799 546 cnrvr
822 493 841 546 1.
1198 497 1239 560 69

119 663 184 723 tatis
207 658 345 720 condidio
369 657 451 718 nullo
474 658 563 718 modo
585 663 761 729 mutaretur,
785 657 858 720 nihil
880 661 997 730 restitit,
1022 678 1110 737 quam
1132 667 1165 722 ut
1187 662 1237 722 de-

118 783 176 826 nuo
200 781 238 823 cx
261 777 414 822 armorum
437 758 609 821 discrimine
631 759 773 822 auxillum
795 768 976 841 repeterent.
1015 761 1051 824 Et
1072 763 1156 823 initio
1171 765 1235 842 qui·

119 867 200 943 dem,
224 882 293 924 cum
317 864 533 923 coniurationis
554 864 648 923 instar
671 869 796 942 repente
823 863 936 924 bellum
965 866 1125 925 excitatum
1148 874 1237 934 esset,

119 969 283 1044 Gatugnato
306 965 382 1026 duce
405 962 548 1044 quidquid
571 962 723 1025 Gallorum
753 966 832 1026 circa
859 965 970 1027 Isaram
999 965 1172 1028 considebat
1201 967 1238 1029 ad
1274 1022 1276 1028 .

117 1069 229 1131 bellum
254 1074 356 1129 contra
372 1064 523 1127 Romanos
545 1075 719 1146 rapuerunt.
758 1066 899 1129 Praeerat
914 1074 986 1136 tum,
1009 1069 1028 1129 i.
1047 1087 1072 1128 e.
1092 1087 1170 1129 anno
1186 1073 1236 1138 62,

117 1172 289 1252 provinciae
305 1169 334 1231 G.
352 1167 528 1247 Pomptinus
542 1175 729 1248 propraetor,
753 1171 839 1247 isque
854 1170 984 1248 primum
1002 1169 1144 1231 Manlium
1160 1169 1235 1231 Leu-

116 1275 211 1334 tiuum
236 1271 365 1349 legatum
388 1278 471 1334 trans
494 1270 606 1331 Isaram
628 1271 722 1340 misit,
748 1273 799 1349 qui
821 1272 972 1342 Ventiam,
997 1271 1076 1350 quod
1095 1271 1237 1351 oppidum

116 1375 293 1452 Allobroges
309 1374 504 1442 muniverant,
522 1379 721 1451 expugnaret;
744 1381 774 1433 at
789 1367 986 1434 concurrente
1001 1373 1112 1454 populo
1128 1375 1238 1452 agresti

117 1483 239 1538 coactus
262 1482 308 1536 est
335 1474 450 1551 legatus
477 1473 623 1535 reducere
652 1477 753 1554 copias
779 1482 862 1535 trans
889 1474 1001 1536 Isaram
1031 1483 1059 1536 et
1087 1477 1157 1560 satis
1185 1474 1236 1537 ha·

116 1578 200 1648 bere,
223 1575 443 1654 Allobrogibus
468 1575 520 1636 ubi
542 1575 654 1638 flumen
676 1561 806 1637 traicere
826 1583 1016 1646 conarentur,
1040 1575 1182 1646 insidiari,
1208 1584 1237 1638 et

2 1738 3 1750 ,
116 1698 154 1740 ne
177 1678 235 1740 hoc
259 1678 379 1756 quidem
401 1696 547 1758 prospere
572 1679 730 1747 successit,
755 1697 823 1739 cum
845 1680 1038 1758 persequenti
1060 1678 1160 1740 Gallos
1183 1679 1235 1740 Ca·

2 1787 3 1842 3
114 1788 260 1860 lugnatus
283 1781 490 1859 superveniret
513 1787 542 1840 et
571 1779 684 1841 cladem
706 1781 839 1842 inferret.
886 1779 998 1841 Delude
1021 1781 1184 1858 Gatugnato
1206 1783 1237 1841 in

2 1891 3 1898 ’
116 1883 203 1945 aliam
233 1883 387 1958 regionem
417 1881 551 1961 prolecto
585 1883 694 1943 iterum
723 1882 833 1943 Isaram
861 1889 1067 1960 transgressus
1094 1882 1237 1943 Lentiuus

2 2053 3 2076 χ
116 1987 197 2064 cepit
219 1982 339 2060 quidem
368 1983 517 2052 Ventiam,
548 1982 596 2043 alii
624 2002 694 2044 vero
718 1983 820 2062 legati,
850 1985 900 2061 qui
927 2002 942 2043 a
971 1983 1073 2044 dextra
1101 1981 1237 2044 Rhodani

2 2083 3 2138 ἐ
114 2089 182 2166 ripa
205 2087 358 2145 venientes
381 2082 460 2145 aliud
482 2083 675 2162 Allobrogum
698 2084 840 2164 oppidum
864 2083 1018 2145 Solonium
1041 2091 1233 2164 occuparunt,

116 2195 145 2249 et
168 2189 228 2266 ipsi
251 2204 310 2264 quo
338 2188 436 2247 minus
463 2185 494 2246 id
523 2193 664 2266 caperent
692 2185 826 2266 impediti
854 2192 923 2247 sunt
945 2205 961 2246 a
983 2186 1154 2263 Gatuguato.
1200 2187 1236 2247 At

114 2296 271 2371 postremo
293 2290 357 2366 ipse
378 2289 553 2367 Pomptinus
576 2288 700 2348 adducta
722 2289 753 2349 in
776 2287 916 2348 auxilium
937 2294 999 2350 tota
1019 2288 1168 2349 exercitus
1190 2289 1236 2348 sui

113 2391 195 2454 mole
218 2408 278 2452 non
300 2389 389 2450 modo
412 2389 566 2450 Solonium
589 2391 779 2469 expugnavit,
804 2390 856 2451 sed
878 2389 1024 2469 reliquam
1047 2406 1166 2468 quoque
1187 2388 1234 2450 Al-

113 2494 275 2571 lobrogum
297 2493 451 2570 regionem
473 2493 514 2554 ita
537 2490 573 2551 ad
596 2491 777 2553 deditionem
803 2492 932 2571 redegit,
961 2500 995 2553 ut
1022 2493 1081 2553 iam
1104 2510 1163 2552 non
1186 2510 1234 2552 re-

113 2596 231 2658 bellare
253 2600 413 2655 conaretur
435 2591 508 2654 baeo
530 2590 662 2672 genem)

201 2697 248 2766 At
261 2695 382 2757 vixdum
404 2695 461 2756 hoo
484 2695 573 2756 modo
596 2701 700 2775 pacata
724 2703 787 2756 erat
809 2698 874 2775 ipsa
896 2697 1063 2774 provlncia,
1087 2713 1155 2756 cum
1177 2697 1235 2757 iam

113 2819 191 2862 nova
217 2815 311 2876 eaque
332 2796 539 2877 periculosior
552 2798 630 2858 circa
651 2799 725 2858 fines
743 2796 935 2876 Allobrogum
959 2796 1138 2858 conflaretur
1161 2799 1234 2857 tom*

114 2908 229 2982 pastas
275 2900 394 2961 lamiam
424 2900 501 2960 enlm
531 2917 591 2960 nou
619 2899 716 2960 solum
739 2898 880 2959 Germani
908 2897 963 2958 sub
991 2899 1137 2959 Ariovisto
1159 2897 1235 2958 duce

113 3004 256 3067 Rhenum
281 3002 458 3080 transgressi
479 3001 619 3062 finitimos
642 3003 810 3081 provinciae
832 3000 982 3061 Romanae
1010 3017 1097 3078 agros
1119 3001 1232 3059 invase·

113 3101 239 3184 randi),
263 3104 316 3165 sed
339 3103 409 3164 dum
431 3103 570 3182 gravibus
588 3102 758 3164 domesticis
780 3100 1027 3162 sollicitudinibus
1049 3101 1235 3178 optimatium

2 3213 3 3288 ξ
114 3209 209 3271 animi
232 3208 395 3285 agitantur,
423 3206 578 3266 nuntiatur
605 3206 636 3265 iu
659 3204 733 3265 urbe
755 3205 838 3265 initio
861 3222 888 3264 a.
912 3206 967 3273 60,
995 3201 1146 3263 Helvetios
1169 3220 1235 3262 esse

91 3297 93 3300 ¹
113 3313 144 3372 in
169 3311 263 3370 armis
286 3315 316 3368 et
338 3308 531 3374 excursiones
552 3308 584 3367 in
599 3307 779 3386 provinciam
800 3322 989 3385 praeparare.
1028 3305 1092 3376 Quo
1107 3302 1235 3365 tumultu
1267 3376 1269 3381 Ι

115 3414 263 3474 excitatus
285 3412 351 3490 sine
374 3427 457 3470 mora
480 3416 599 3470 senatus
621 3407 765 3477 decrevit,
796 3415 829 3468 ut
852 3406 984 3467 eiusdem
1007 3407 1077 3466 anni
1098 3405 1235 3466 consules

2 3511 3 3580 ἶ
114 3522 186 3576 ante
211 3531 353 3574 novorum
378 3511 603 3588 magistratuum
627 3511 744 3570 comitia
765 3508 838 3570 duas
862 3506 969 3570 Gallias
992 3509 1179 3578 sortirentur,
1203 3515 1236 3568 ut

2 3673 3 3692 ,
115 3617 218 3678 omnia
241 3613 278 3674 ad
294 3599 450 3675 ‘culicum
474 3611 585 3673 bellum
606 3618 859 3691 praepararentur
882 3616 911 3669 et
934 3615 1015 3670 trans
1037 3609 1126 3688 Alpes
1147 3608 1237 3687 legati

2 3713 3 3792 ξ
114 3721 325 3785 mitterentur,
360 3716 412 3794 qui
439 3714 556 3775 adirent
584 3711 695 3774 Galliae
724 3711 873 3774 ulterioris
906 3712 1038 3772 civitates
1071 3710 1235 3790 darentque

114 3856 188 3864 ψ...-
198 3854 255 3859 -----
265 3851 422 3858 .-—-——-.-.—

185 3935 231 4002 82)
252 3935 309 3991 Cir.
327 3937 390 3987 Liv.
414 3935 483 4000 epit.
500 3936 560 3989 103.
590 3933 648 3987 Cic.
672 3932 705 3984 de
727 3946 802 3996 prov.
823 3930 925 3982 consul.
947 3932 989 3992 13,
1007 3933 1053 3990 32,
1078 3932 1124 4004 qui
1146 3931 1236 3982 obiter

2 4013 3 4080 I
114 4027 226 4074 tantum
252 4020 280 4070 id
296 4019 402 4072 bellum
420 4022 645 4081 commemoraut;
671 4017 780 4082 lougius
808 4016 975 4081 descriptum
992 4018 1037 4066 est
1055 4030 1071 4064 a
1089 4015 1179 4064 Dione
1193 4016 1234 4073 37,

2 4091 3 4154 ξ
113 4111 148 4160 47
168 4123 209 4173 sq.
241 4105 273 4159 O.
290 4105 430 4170 Pomptini
447 4105 601 4171 triumphus
618 4106 731 4154 notatus
755 4102 861 4152 eratin
879 4101 949 4152 actis
966 4099 1163 4164 triumphorum
1181 4097 1234 4148 Ga-

2 4179 3 4236 l
114 4192 255 4260 pitolinis,
275 4189 322 4241 sed
341 4189 375 4242 de
393 4189 447 4239 hae
460 4190 641 4255 inscriptione
660 4187 729 4237 nihil
747 4188 836 4236 restat
847 4188 958 4250 praeter
970 4197 1070 4234 aunum
1084 4179 1146 4246 (cfr.
1159 4183 1233 4232 Hen-

2 4289 3 4292 ’
114 4295 168 4329 zen
181 4278 211 4326 in
224 4275 305 4341 Corp.
318 4277 404 4327 lusor.
422 4275 514 4325 Latin.
528 4275 549 4325 Ι.
562 4291 588 4340 p.
601 4275 659 4326 460.
672 4271 741 4336 464).
771 4272 813 4320 Do
831 4269 971 4320 retardato
988 4283 1074 4333 usque
1088 4266 1122 4318 ad
1135 4282 1235 4316 annum

115 4365 151 4414 54
169 4361 310 4426 Pomptini
327 4360 465 4426 triumpho
484 4360 534 4410 cfr.
552 4362 698 4425 praeterea
715 4357 870 4413 Drumunn,
889 4353 982 4403 Roem.
1003 4351 1103 4404 Gescb.
1122 4355 1145 4412 3,
1158 4354 1217 4405 228.
1291 4398 1294 4408 ,

187 4445 232 4510 83)
252 4445 332 4496 Caes.
351 4446 378 4496 b.
398 4462 424 4511 g.
444 4447 471 4508 1,
492 4447 533 4496 31.
569 4444 623 4494 Dio
642 4442 688 4498 38,
707 4440 749 4494 34.
787 4438 861 4489 Plut.
881 4437 962 4490 Caes.
982 4440 1021 4493 13.
