3154 5162
517 491 601 549 PARS
622 492 653 548 ll.
697 491 802 548 GAPVT
824 492 842 548 l.
1174 493 1234 556 137

22 687 23 690 “
132 681 206 723 oram
218 658 369 740 complura
380 659 435 722 alia
450 662 582 739 gentium
598 659 793 720 barbararum
807 659 927 720 nomina
941 665 1145 728 recensentur,
1159 675 1235 736 quae

132 783 192 824 curn
213 765 363 843 propriam
385 761 600 843 rempublicam
629 779 689 823 non
718 759 878 822 habuerint
904 762 1073 841 quaeritur,
1098 760 1134 822 ad
1156 761 1233 840 quod

132 866 264 946 oppidum
285 867 493 946 pertinuerint.
525 864 562 926 Et
583 866 714 943 primum
736 863 856 943 quidem
878 863 927 923 hic
949 861 1112 924 collocandi
1133 861 1233 922 viden·

131 975 175 1029 tur
195 967 235 1028 illi
257 968 396 1046 Ligures,
421 983 510 1043 quos,
536 973 569 1026 ut
593 985 683 1046 supra
708 967 750 1046 (p.
776 965 832 1044 94)
856 964 997 1034 vidimuS,
1027 962 1134 1024 Strabo
1157 964 1196 1023 ita
1220 982 1233 1022 a

130 1069 231 1132 Latinis
254 1070 371 1150 oppidis
393 1067 561 1150 distinguit,
590 1075 624 1130 ut
653 1085 703 1129 eos
732 1068 810 1128 dieat
838 1065 987 1138 subiectos
1015 1084 1081 1127 esse
1109 1067 1236 1125 rectoris

129 1173 289 1251 provinciae
311 1173 452 1251 imperio,
477 1189 493 1231 a
515 1189 574 1250 quo
597 1171 727 1249 exempti
750 1170 809 1230 sint
823 1168 928 1229 Latini.
963 1168 1044 1228 Inter
1067 1183 1142 1244 quos
1157 1166 1234 1240 Qua·

130 1275 226 1343 rietes,
255 1273 448 1343 Adunicates,
479 1273 603 1333 Suetros
631 1278 735 1352 postea
765 1290 781 1330 a
809 1272 960 1350 provincia
989 1269 1141 1348 seperatos
1169 1287 1236 1330 esso

123 1363 178 1436 ‘suo
199 1375 273 1448 loco,
294 1376 337 1456 (p.
364 1373 440 1452 131)
472 1375 678 1454 exposuimus;
709 1374 760 1451 qui
787 1389 857 1434 vero
884 1373 1053 1451 provinciae
1082 1389 1147 1432 esse
1176 1389 1236 1431 non

130 1475 277 1538 desierunt
299 1475 495 1549 Camatullioi‚
519 1473 662 1545 Suelteri,
686 1476 857 1544 Verrucini,
882 1473 960 1534 haud
989 1473 1077 1535 dubie
1099 1491 1158 1534 non
1181 1474 1235 1532 rni-

130 1596 290 1658 nusquam
311 1577 430 1658 Alpiurn
451 1578 666 1640 Maritimarum
688 1583 718 1638 et
739 1577 901 1639 Gottiarum
923 1581 1027 1653 gentes
1048 1574 1147 1655 paullo
1170 1563 1238 1654 post

129 1680 287 1758 Augustum
302 1680 386 1742 Latio
402 1686 472 1741 sunt
487 1679 586 1740 donati
603 1679 666 1759 (cfr.
685 1695 775 1759 supra
789 1698 818 1758 p.
829 1683 870 1746 96
883 1677 954 1756 sq.);
971 1677 1033 1746 sed,
1050 1675 1192 1756 quidquid
1207 1676 1236 1736 id

130 1789 178 1851 est,
194 1789 222 1843 et
238 1782 309 1844 dum
325 1781 508 1862 stipendiarii
525 1787 610 1842 erant
625 1787 655 1842 et
670 1779 740 1842 dum
755 1779 864 1850 Latini,
882 1781 1005 1860 propria
1021 1778 1173 1858 republica
1189 1796 1235 1838 ca·

129 1882 226 1945 rebant
249 1892 279 1944 et
301 1883 536 1945 contributorum
561 1882 733 1944 condicione
757 1889 850 1944 erant.
896 1880 1115 1942 Contrihuerim
1139 1886 1237 1940 autem

129 1992 182 2046 tam
196 1984 418 2055 Camatullicos,
443 1988 493 2066 qui
516 2003 532 2045 a
555 1983 658 2046 dextra
673 1984 755 2046 fluvii
769 1985 910 2062 Argentei
925 1991 1023 2051 erant,
1047 2000 1135 2061 quarn
1151 1980 1235 2041 Suel·

22 2071 23 2152 ᾗ
128 2093 202 2148 teres
225 2095 255 2149 et
277 2089 458 2149 Verrucinos
478 2088 557 2148 Foro
579 2084 660 2156 lulii,
684 2088 709 2148 si
732 2086 851 2164 quidem
879 2084 911 2144 hi
932 2102 1050 2152 revera,
1079 2091 1112 2142 ut
1138 2081 1239 2142 volunt

22 2175 24 2256 A
128 2188 297 2270 geographi,
320 2191 398 2250 inter
421 2208 503 2250 mare
526 2187 720 2250 considebant
741 2195 771 2249 et
792 2193 908 2250 montes
931 2183 1142 2253 Salluviorum;
1167 2185 1236 2263 quin

22 2323 24 2370 p
130 2292 208 2352 etiam
231 2293 361 2353 fortasse
383 2291 419 2352 ab
443 2289 535 2351 altera
558 2308 676 2376 quoque
697 2296 783 2372 parte
804 2290 945 2368 Argentei
967 2287 1108 2365 Ligauni,
1137 2287 1238 2364 utpote

22 2373 24 2386 ’
128 2391 208 2455 lluvio
235 2394 409 2474 propiores
439 2393 476 2454 ad
498 2393 610 2454 Forum
638 2392 706 2453 lulii
732 2393 831 2475 potius
858 2391 1059 2474 pertinuerint
1085 2405 1174 2472 quarn
1203 2385 1238 2448 ad

29 2557 32 2568 ,
127 2495 290 2576 Antipolim.

206 2601 434 2660 Salluviorum
448 2597 555 2659 deinde
570 2598 652 2676 regio
675 2566 712 2658 ab
734 2615 792 2659 una
807 2603 892 2676 parte
907 2594 1143 2664 arelatensibus,
1167 2594 1238 2656 Gae-

128 2699 309 2770 nicensihus,
333 2699 477 2769 Glanicis,
501 2699 537 2761 ab
560 2697 652 2760 altera
675 2698 863 2780 Aquensibus
892 2704 921 2758 et
942 2698 1021 2758 Foro
1044 2697 1179 2757 Vocontii
1200 2697 1239 2758 ita

129 2811 186 2864 erat
208 2803 316 2872 divisa,
339 2808 372 2862 ut
394 2801 438 2862 illi
460 2819 535 2879 quae
556 2800 644 2881 plana
667 2808 737 2863 sunt
758 2803 836 2862 inter
858 2801 1031 2888 Druentiam
1054 2805 1084 2858 et
1105 2796 1240 2858 Rhodani

23 2899 24 2954 ἓ
128 2905 195 2964 ostia
217 2911 371 2974 tenerent,
395 2903 426 2964 hi
447 2911 618 2973 montuosa,
643 2920 719 2981 quae
741 2920 832 2983 super
855 2920 924 2962 orae
946 2906 1074 2960 tractum
1098 2900 1238 2959 eminent.
1296 2933 1301 2944 ·

22 3073 24 3106 Ι
205 3005 351 3076 Arelas,
376 3005 476 3079 Artes,
505 3005 621 3066 colonia
643 3004 715 3066 Iulia
738 3004 864 3065 Paterna
888 3002 970 3082 (app.
994 3020 1024 3061 n.
1050 3005 1110 3068 338
1132 3000 1239 3078 pass),

22 3117 24 3174 t
128 3105 237 3170 colonia
265 3109 463 3169 Sextanorum
493 3105 582 3188 (Plin.
608 3112 642 3177 3,
672 3105 723 3184 5),
753 3106 808 3165 sita
836 3110 899 3164 erat
927 3121 961 3163 eo
988 3101 1068 3171 loco,
1098 3118 1157 3178 quo
1186 3119 1240 3178 per

22 3275 24 3286 .
126 3207 207 3286 plura
235 3212 312 3270 ostia
339 3209 474 3269 diffluere
501 3209 606 3287 incipit
626 3206 796 3268 Rhodanus.
842 3208 920 3282 Agru
950 3210 1049 3264 autem
1077 3202 1242 3265 Arelatensi

22 3359 24 3382 ,
127 3311 307 3373 occidentem
328 3329 432 3372 versus
455 3312 616 3371 terminum
638 3316 744 3370 natura
767 3306 848 3368 dedit
861 3305 1058 3375 Rhodanum,
1083 3304 1119 3366 ad
1141 3306 1239 3366 orien-

22 3383 24 3468 ἶ
126 3417 182 3473 tem
203 3432 292 3483 vero,
316 3412 367 3473 ubi
386 3413 479 3492 Aquis
495 3412 605 3472 Sextiis
628 3418 673 3471 est
695 3411 834 3478 confinis,
857 3410 1003 3470 terminus
1018 3407 1135 3468 videtur
1149 3407 1242 3468 luisse

22 3537 24 3554 >
126 3513 229 3576 lluvius
252 3515 350 3576 Genus
369 3511 465 3595 (Arc),
489 3530 587 3590 neque
610 3519 710 3573 tamen
731 3513 786 3582 ita,
810 3518 844 3572 ut
865 3527 1060 3589 quaecunque
1081 3511 1160 3568 inter
1183 3514 1241 3569 sta·

22 3639 24 3690 1
126 3632 214 3693 gnum
235 3614 471 3685 Mastramelam,
496 3617 641 3676 montium
663 3615 761 3683 initia,
785 3612 973 3681 Druentiam,
996 3609 1174 3671 Rhodanum
1195 3611 1240 3670 in·

22 3713 24 3794 l
125 3723 268 3787 tererant,
291 3717 509 3779 Arelatensium
525 3723 640 3790 essent,
663 3715 716 3776 sed
740 3714 939 3788 considebant,
956 3713 993 3774 ad
1007 3713 1106 3792 ipsum
1120 3711 1241 3772 fluvium

127 3819 237 3882 Cenum
260 3820 454 3889 Cenicenses,
479 3817 516 3880 ab
538 3819 629 3880 altera
652 3824 737 3897 parte
760 3818 873 3878 sivein
896 3815 1003 3894 angulo
1030 3813 1082 3875 illo
1105 3813 1141 3874 ael
1170 3831 1240 3874 con-

125 3919 251 3985 duentes
278 3921 438 3983 Druentiae
468 3926 497 3980 et
523 3918 660 3981 Rhodani
689 3917 812 3980 Glanici.
858 3918 1084 3979 Cenicenses
1112 3914 1241 3995 quidem,

126 4039 196 4100 quos
219 4023 303 4084 Latio
326 4041 396 4084 usos
419 4041 486 4083 esse
509 4040 545 4082 en
567 4021 664 4082 Plinio
687 4023 815 4090 scimus,
847 4020 927 4081 Ceno
956 4015 1118 4078 accoluisse
1144 4017 1242 4094 ipsum

22 4137 23 4196 ξ
124 4143 232 4186 nomeu
255 4125 380 4194 indicat,
404 4141 502 4201 neque
525 4142 611 4194 vero,
636 4122 784 4205 quomodo
806 4138 894 4200 agros
916 4119 986 4180 huic
1001 4117 1090 4178 fluvio
1106 4114 1246 4176 adiacen-·

22 4211 24 4306 ,
124 4233 168 4286 tes
182 4246 251 4288 cum
264 4225 488 4289 Arelatensihus
500 4211 666 4295 diviserint,
674 4225 733 4285 iam
743 4227 842 4302 potest
857 4222 922 4281 erui
934 4239 989 4281 nec
1000 4219 1094 4295 magis
1110 4214 1240 4286 decerni,

22 4307 24 4322 ’
123 4327 153 4387 in
174 4329 272 4390 utrius
295 4326 397 4406 oppidi
418 4327 534 4408 finibus
548 4327 660 4388 luerint
682 4343 769 4386 arcus
790 4321 848 4391 illi,
872 4323 924 4401 qui
946 4321 1038 4382 erecti
1068 4337 1084 4379 a
1107 4319 1137 4380 C.
1162 4317 1241 4380 Don-

22 4497 23 4510 p
124 4428 171 4490 uio
193 4429 224 4493 C.
243 4430 262 4493 l.
278 4427 382 4497 Flavo,
406 4428 525 4494 llamine
547 4427 659 4494 Romae
683 4432 712 4486 et
727 4423 863 4513 Augusti,
887 4421 976 4484 hodie
999 4438 1118 4513 quoque
1139 4421 1240 4494 viden-
