3184 5162
294 483 336 547 58
690 481 774 539 PARS
796 481 815 537 l.
860 480 965 538 CAPVT
989 481 1007 539 l.

295 649 333 710 de
355 648 401 711 bis
423 647 562 712 omnibus
584 666 651 712 cum
675 648 774 710 desint
796 650 966 710 testimonia
981 637 1306 730 imperatorum'aetate
1328 657 1411 713 ante·

294 753 392 823 ricra,
417 751 602 814 commodius
625 753 696 821 erit,
720 751 798 814 infra
820 751 978 814 disserere.

379 888 452 949 Cum
475 886 608 949 coloniae
627 885 774 949 Narbonis
793 889 949 968 proprium
972 895 1067 960 esset,
1095 909 1179 951 suam
1195 887 1306 950 habere
1332 907 1411 951 rem·

292 989 456 1069 publicam,
480 1007 556 1068 quae
578 991 669 1067 Aquis
693 990 801 1052 Sextiis
821 996 851 1050 et
866 990 992 1052 *Tolosae
1009 990 1133 1069 aliisque
1156 989 1230 1052 locis
1253 993 1413 1054 constituta

294 1098 379 1153 erant
400 1092 562 1172 praesidia,
594 1108 773 1170 quamquam
800 1094 832 1154 in
859 1095 895 1154 iis
918 1110 1037 1173 quoque
1060 1095 1153 1154 maior
1176 1094 1282 1154 civium
1303 1093 1412 1155 Ronm-

294 1177 402 1256 norum
425 1213 570 1257 numerus
592 1195 623 1256 in
646 1213 738 1256 unum
762 1185 871 1274 corpus
894 1197 1005 1257 coierat
1027 1203 1056 1257 et
1073 1213 1250 1275 quamquam
1266 1194 1413 1255 eiusmodi

293 1296 440 1376 praesidia
462 1298 523 1358 sive
546 1295 665 1358 castella
688 1295 723 1357 ad
746 1295 956 1376 municipalem
978 1316 1039 1358 non
1066 1299 1165 1358 minus
1187 1296 1334 1378 quemad
1356 1297 1412 1360 uti·

293 1399 410 1460 litarem
432 1417 496 1460 rem
518 1389 724 1480 pertinebant,
747 1400 813 1460 iure
837 1405 937 1460 tamen
959 1399 1083 1460 civitatis
1106 1397 1255 1460 carebant.
1299 1397 1412 1460 Eodem

293 1500 382 1562 modo
404 1501 436 1561 in
457 1502 652 1582 inscriptione
676 1499 825 1563 Orelliana
846 1519 875 1562 n.
901 1505 999 1572 3121,
1029 1518 1103 1578 quae
1130 1500 1165 1561 ad
1189 1517 1297 1561 annum
1319 1500 1412 1579 perti-

294 1610 346 1663 net
367 1621 393 1663 a.
417 1601 469 1663 Ch.
495 1609 570 1673 117,
600 1602 776 1664 castellanos
808 1600 901 1663 habes
922 1601 1093 1681 Langenses
1117 1603 1245 1664 Viturios
1268 1602 1412 1663 constitu·

295 1711 341 1764 tos
363 1721 459 1784 prope
481 1703 616 1765 Genuam
638 1703 752 1766 medios
778 1704 858 1765 inter
878 1703 1004 1783 Ligures
1027 1703 1205 1784 Cisalpinos,
1235 1705 1312 1764 sicut
1333 1705 1413 1764 inter

295 1805 420 1884 Ligures
443 1805 654 1887 Transalpinos
677 1807 854 1868 constitutae
885 1814 970 1868 erant
992 1810 1093 1885 Aquae
1121 1807 1252 1867 Sextiae:
1283 1822 1413 1884 quorum

297 1927 333 1969 ex
361 1909 564 1970 controversia
593 1927 662 1970 cum
691 1910 885 1970 conterminis
914 1909 1097 1971 Genuatibus
1124 1915 1262 1989 apparet,
1297 1909 1348 1985 qui
1381 1909 1413 1968 in

272 2071 273 2074 ,
296 2011 442 2073 eiusmodi
469 2010 590 2073 castello
622 2018 707 2072 erant
733 2009 878 2081 collocati,
908 2029 958 2072 eos
988 2010 1091 2073 eadem
1117 2011 1210 2072 fausse
1238 2008 1412 2070 condicione

295 2119 383 2191 atque
418 2111 613 2174 conciliabula
647 2113 707 2173 sive
740 2114 805 2175 fora
840 2114 946 2174 civium
976 2113 1192 2182 Romanorum,
1227 2113 1276 2172 cui
1307 2113 1413 2189 generi

294 2213 500 2294 compluribus
515 2213 588 2275 locis
610 2212 729 2275 castella
745 2216 986 2296 aequiparantur.
995 2211 1030 2294 48)
1075 2213 1230 2276 Habebant
1245 2215 1324 2274 enim
1338 2212 1413 2272 baec

294 2315 359 2377 loca
382 2317 478 2377 omnia
503 2333 591 2378 suum
613 2315 734 2394 quidem
757 2319 820 2395 agri
842 2317 1042 2386 territorium,
1066 2335 1136 2378 suos
1157 2317 1246 2385 linea,
1271 2313 1412 2377 carebant

295 2423 394 2478 autem
416 2417 538 2496 propria
558 2415 763 2479 iurisdictione
786 2424 816 2478 et
838 2425 888 2480 aut
911 2419 966 2481 sub
989 2418 1196 2480 iurisdictione
1218 2424 1303 2480 erant
1325 2432 1412 2496 prae·

294 2519 367 2580 toris
389 2518 514 2580 Romani
542 2519 603 2578 sive
632 2519 696 2578 eius
724 2521 772 2578 cui
804 2518 851 2580 bic
879 2519 1052 2591 mandabat,
1083 2529 1133 2582 aut
1160 2519 1299 2582 attributa
1326 2523 1413 2579 crant

292 2620 446 2702 proximae
469 2621 576 2681 civium
598 2620 802 2682 Romanorum
823 2622 1004 2703 reipublicae
1033 2624 1155 2702 eiusque
1183 2619 1326 2702 parebant
1348 2639 1411 2682 ma·

295 2721 478 2802 gistratibus.
516 2723 617 2800 Aquae
639 2724 730 2801 igitur
754 2723 871 2785 Sextiae
895 2730 925 2785 et
945 2723 1052 2786 Tolosa
1075 2731 1126 2784 aut
1147 2723 1304 2784 attributae
1328 2731 1414 2784 erant

295 2822 428 2886 Narboni
449 2831 513 2894 aut,
536 2823 566 2886 id
589 2824 668 2902 quod
693 2824 880 2887 verisimilius
904 2831 963 2896 est,
994 2824 1050 2887 sub
1076 2825 1221 2905 praesidis
1241 2826 1413 2905 provinciae

296 2932 381 2989 crant
395 2926 614 2998 iurisdictione,
634 2928 858 2990 sicut'eiusdem
871 2927 1016 3008 parebant
1027 2929 1154 3008 imperio
1166 2926 1294 2987 militari.
1326 2926 1413 2998 Quod

295 3036 394 3092 autem
417 3029 523 3091 Strabo
531 3024 568 3107 49)
591 3047 652 3090 uon
675 3029 771 3092 solum
794 3025 953 3110 φρουράν
975 3032 1035 3090 sive
1058 3028 1220 3098 castellum,
1249 3029 1299 3089 sed
1323 3029 1412 3088 etiarn
1488 3086 1492 3090 .

294 3125 395 3191 ardiae
417 3133 478 3192 sive
501 3130 642 3210 oppidum
665 3130 737 3191 dicit
757 3133 865 3210 Aquas,
888 3129 944 3191 boc
967 3129 1130 3210 explicatur
1152 3133 1204 3199 iis,
1228 3147 1303 3208 quae
1325 3131 1411 3190 Taci-

293 3238 343 3293 tus
365 3231 402 3292 de
425 3230 570 3292 similibus
591 3232 686 3293 refert
708 3230 844 3294 castellis.
884 3233 969 3293 Sicut
984 3234 1062 3294 enim
1085 3231 1133 3293 hic
1155 3230 1307 3293 castellum
1329 3249 1412 3291 com-

295 3339 442 3394 memorat
458 3334 489 3392 in
504 3331 645 3394 Helvetiis
668 3335 873 3405 constitutum,
897 3334 976 3413 quod
999 3352 1125 3422 amoeno
1142 3333 1304 3395 salubrium
1321 3351 1410 3411 aqna-

294 3453 362 3496 rum
386 3453 442 3495 usu
464 3435 607 3512 frequens
628 3435 716 3514 longa
738 3453 811 3516 pace
833 3438 864 3498 in
887 3437 1008 3500 modum
1032 3437 1184 3516 municipii
1207 3442 1413 3496 constructum

252 3537 255 3544 '
294 3537 342 3607 sit,
365 3538 497 3614 itemque
520 3536 575 3599 alio
597 3538 663 3599 loco
686 3540 794 3610 refert,
824 3540 903 3600 circa
926 3539 1028 3603 Castra
1050 3539 1173 3608 Vetera,
1202 3554 1277 3616 quae
1299 3535 1415 3598 castelli

294 3639 389 3699 instar
410 3639 441 3699 in
464 3639 580 3701 Batavis
603 3647 703 3711 erant,
732 3658 787 3721 per
814 3640 933 3720 longam
959 3659 1065 3721 pacem
1094 3658 1186 3720 opera
1208 3657 1274 3700 esse
1294 3641 1325 3699 in
1346 3658 1414 3699 mo-

295 3739 367 3801 dum
388 3741 542 3821 municipii
558 3747 700 3814 extructa,
723 3761 799 3822 quae
819 3763 857 3804 ne
873 3743 1009 3805 hostibus
1024 3743 1093 3804 usui
1107 3743 1215 3811 forent,
1238 3742 1415 3802 imminente
1503 3739 1507 3746 '

295 3840 376 3902 bello
392 3840 478 3903 solita
494 3849 593 3904 essent
608 3841 796 3922 subvertat),
812 3845 854 3906 ita
869 3845 947 3925 apud
960 3864 1052 3925 aquas
1064 3843 1263 3906 Salluviorum
1277 3842 1416 3940 salubres

294 3942 373 4006 baud
396 3943 485 4006 dubie
509 3946 590 4006 circa
609 3945 765 4007 castellum
786 3953 816 4008 et
837 3947 1045 4026 indigenarum
1069 3954 1100 4007 et
1117 3952 1317 4009 mercatorum
1340 3963 1415 4006 con-

314 4139 535 4146 --——--——-—-
566 4141 599 4148 .-

360 4267 407 4332 48)
426 4267 482 4320 Cfr.
500 4267 675 4333 Marqunnst,
693 4267 804 4322 Handb.
823 4267 848 4320 d.
866 4283 950 4324 roam.
968 4268 1086 4324 Altertla.
1104 4271 1130 4329 3,
1149 4270 1172 4332 1,
1191 4268 1222 4319 bl
1240 4281 1266 4318 n
1284 4267 1327 4318 36.

361 4351 408 4417 49)
428 4353 527 4404 Strabo
545 4354 592 4405 1v.
610 4371 637 4419 p.
657 4356 715 4407 180.

363 4434 409 4504 50)
427 4436 519 4490 Tacit.
536 4438 599 4492 hist.
620 4441 643 4503 1,
661 4439 703 4491 67.
722 4441 749 4500 4,
767 4441 809 4492 37.
