3148 5160
543 446 629 503 rans
650 447 682 503 u.
726 445 887 526 atrurn
1210 451 1271 514 207

151 618 283 672 veterum
309 612 489 689 scriptorum
510 610 598 681 locis,
623 613 673 689 qui
695 612 731 672 de
754 611 821 673 albo
843 612 972 676 iudicum
993 621 1098 691 agunt,
1126 633 1269 695 nusquam

150 714 317 774 invenimus
338 712 487 785 iudicandi
510 730 616 774 munus
640 715 700 773 sive
722 715 841 774 nomina
864 716 894 775 in
917 714 984 776 albo
1000 715 1128 776 iudicum
1150 723 1270 795 recepta

150 812 294 892 appellari
316 813 422 874 iudicia
445 815 580 895 apposito
603 832 673 876 casu
695 817 841 893 genetivo.
853 812 899 894 125)
941 816 1034 876 Immo
1057 818 1268 879 conterendum

150 916 249 993 potius
273 923 340 976 esse
363 933 520 976 censemus
549 915 646 976 locum
677 916 787 977 codicis
809 915 1007 977 Tlieodosiani
1037 918 1103 1000 (12,
1129 924 1162 989 l,
1187 920 1268 999 171),

149 1015 201 1076 ubi
232 1016 270 1076 de
301 1017 446 1078 electione
475 1016 669 1077 decurionum
698 1017 818 1078 dieitur:
847 1035 991 1080 consensu
1021 1023 1126 1084 curiae
1153 1022 1269 1094 elioen-

150 1118 203 1178 dos
230 1135 295 1178 esse
321 1136 489 1197 censemus,
515 1121 567 1194 aaa·
592 1121 836 1194 contemplatione
862 1126 979 1180 actuum
1007 1124 1135 1183 omnium
1155 1124 1271 1198 possint
1349 1153 1351 1156 ·

148 1221 331 1295 respondere
358 1217 542 1298 iudiei0¹²⁶),
573 1237 630 1297 quo
653 1219 720 1282 loco
749 1230 851 1301 aperte
880 1222 957 1300 quod
983 1223 1123 1283 iudicimn
1151 1222 1267 1293 dicitur,

148 1321 290 1382 iudicium
323 1328 367 1382 est
395 1324 567 1384 creantium.
621 1321 731 1382 Eodem
761 1322 850 1382 modo
877 1325 908 1383 in
936 1323 1124 1385 Narbonensi
1153 1341 1268 1403 quoque

149 1422 235 1482 titulo
260 1425 307 1501 agi
337 1441 493 1484 censemus
521 1423 559 1483 de
589 1421 733 1484 electione
762 1424 1000 1501 magistratuum,
1030 1425 1066 1486 de
1095 1443 1151 1503 qua
1179 1424 1268 1486 divisa

149 1530 235 1584 erant
259 1524 453 1586 decurionum
479 1532 508 1584 et
531 1523 632 1604 ’plebis
659 1524 777 1586 iudicia.
830 1527 929 1586 tt-
951 1527 1062 1587 dixeris
1087 1561 1134 1597 —,
1166 1529 1190 1588 si
1219 1545 1267 1588 cu·

148 1627 301 1686 mitiorum
332 1633 394 1688 erat
427 1627 537 1687 creatio
565 1627 803 1704 magistratuum,
839 1627 917 1706 quod
945 1628 1065 1689 tandem
1099 1628 1211 1688 ordinis
1237 1630 1268 1688 in

149 1729 357 1788 sacratius?
400 1728 436 1788 Et
466 1729 589 1804 cogitari
617 1727 737 1806 quidem
765 1729 860 1806 possit
887 1729 924 1790 de
946 1731 1080 1790 instituto
1109 1729 1176 1799 illo,
1200 1747 1267 1807 quo,

148 1829 175 1888 si
196 1830 228 1888 in
253 1844 311 1906 quo
333 1829 495 1908 municipio
519 1847 588 1889 casu
611 1830 732 1889 iortuito
760 1832 867 1890 summi
890 1832 1078 1907 magistratus
1106 1850 1167 1892 non
1190 1837 1267 1900 sunt,

149 1949 186 1990 ex
216 1929 282 2008 lege
310 1931 450 1991 Petronia
478 1931 552 1991 ordo
580 1931 747 2009 praefectos
781 1933 914 1991 nominat
947 1950 1002 2009 pro
1036 1931 1207 1994 duumviris.
1220 1929 1267 2010 ¹²⁷)

149 2031 258 2093 Verum
283 2049 299 2091 6
321 2031 387 2109 lege
402 2032 542 2093 Petronia
565 2051 625 2092 ncn
648 2030 789 2108 agebatur
811 2032 848 2092 de
870 2031 985 2092 iudiciis
1007 2031 1119 2111 populi,
1144 2032 1195 2093 sed
1219 2051 1267 2092 so·

147 2132 207 2193 lius
230 2132 344 2194 ordinis
366 2133 475 2193 iudicio
498 2132 740 2202 nominabantur,
766 2135 815 2210 qui
836 2133 981 2209 usquead
1001 2133 1178 2194 instituenda
1194 2151 1268 2194 nova

149 2235 269 2295 comitia
293 2235 400 2296 summi
422 2236 612 2312 magistratus
634 2235 697 2294 vice
719 2235 921 2311 iungerentur.
961 2236 1062 2314 ltaque
1084 2236 1268 2314 suspicamur

147 2337 196 2413 agi
229 2337 327 2414 potius
362 2334 418 2396 hoe
450 2336 516 2396 loco
550 2335 586 2396 de
616 2353 651 2396 eo
678 2335 802 2404 iudicio,
833 2352 890 2412 quo
919 2338 968 2412 qui
996 2337 1114 2396 comitia
1141 2333 1269 2396 habebat

50 2467 55 2480 ·
148 2438 338 2514 magistratus
373 2456 410 2497 ex
439 2437 551 2498 ordinis
587 2438 731 2498 sententia
760 2437 797 2497 de
825 2437 1006 2516 accipiendis
1034 2445 1083 2498 aut
1110 2437 1269 2498 reiciendis

149 2537 374 2599 candidatorum
395 2538 565 2598 norninlbus
588 2537 782 2606 decernebat,
808 2557 843 2598 ex
866 2556 922 2615 qua
939 2557 1056 2609 caussa,
1081 2541 1105 2599 si
1128 2541 1177 2616 qui
1199 2557 1267 2602 can-

149 2639 259 2699 ditatus
282 2639 429 2716 suffragiis
458 2646 569 2700 mnium
600 2638 747 2716 gaudebat
767 2639 878 2718 plebis,
904 2658 938 2700 ex
962 2641 1076 2700 ordinis
1104 2649 1201 2702 autem
1223 2643 1266 2700 iu-

148 2740 227 2800 dicio
250 2742 438 2818 magistratus
461 2743 608 2801 rationem
630 2741 693 2801 eius
716 2758 774 2800 non
798 2740 938 2808 habebat,
964 2744 1168 2802 contentiones
1190 2745 1268 2802 inter

149 2841 327 2902 decuriones
351 2849 380 2902 et
402 2840 521 2920 plebem
545 2842 666 2901 accendi
689 2843 822 2919 potuisse
845 2841 931 2914 lacile
952 2841 1149 2920 intellegitur;
1179 2861 1265 2921 prae-

148 2951 231 3003 terea
254 2942 342 3004 liceat
369 2945 400 3002 in
428 2945 601 3003 memoriam
632 2961 788 3011 revocare,
817 2944 875 3004 iam
905 2951 1039 3021 tempore
1066 2942 1179 3003 liberae
1207 2944 1266 3002 rei-

144 3043 283 3124 publicae
317 3043 472 3105 candidato
508 3046 633 3114 reiecto,
674 3046 699 3106 si
733 3064 749 3104 a
782 3045 955 3120 magistratu
986 3045 1129 3104 reiciente
1161 3044 1267 3104 iniuria

147 3145 305 3205 videbatur
328 3164 394 3206 esse
416 3148 508 3215 lacta,
538 3146 656 3206 licuisse
679 3144 828 3224 appellare
856 3146 893 3206 de
921 3144 976 3206 bac
1003 3163 1037 3206 rc
1065 3141 1266 3223 senatum.¹²⁸]

148 3247 303 3308 Eiusmodi
331 3248 571 3308 contentionibus
600 3247 823 3308 candidatorum
851 3247 983 3307 videmus
1013 3265 1090 3307 anno
1117 3265 1146 3325 p.
1172 3246 1221 3308 tt.
1248 3253 1267 3312 4

147 3337 236 3408 Pisae
259 3349 367 3408 lactum
392 3367 473 3418 esse,
497 3355 530 3409 ut
552 3350 741 3427 magistratus
763 3350 883 3408 omnino
907 3367 966 3409 non
989 3355 1091 3410 essent
1113 3348 1215 3428 (Orelli
1235 3367 1265 3410 n.

147 3445 240 3524 643),
265 3456 295 3509 et
317 3466 391 3526 quae
414 3449 520 3510 eodem
547 3449 598 3510 illo
627 3468 704 3510 anno
727 3469 755 3528 p.
781 3449 831 3510 Ch.
859 3457 895 3514 ll
924 3451 955 3509 in
983 3451 1077 3528 ipsius
1098 3452 1268 3530 provinciae

146 3550 265 3612 colonia
290 3553 401 3612 Vienna
431 3569 572 3613 accensae
601 3559 668 3612 sunt
683 3550 792 3631 ,plebis
820 3551 1034 3622 dissensiones,
1071 3553 1107 3613 ad
1140 3553 1267 3614 similem

221 3786 279 3849 125)
300 3786 357 3840 cfr.
376 3787 434 3837 Cic.
454 3793 508 3838 a'ct.
529 3789 557 3836 in
576 3789 652 3839 Verr.
672 3788 693 3837 I.
714 3791 759 3853 13,
778 3791 824 3840 37:
849 3791 942 3840 iudicio
960 3791 1124 3841 edacitatem
1140 3794 1267 3841 translata

141 3877 216 3924 eunt,
236 3870 306 3921 Vall.
326 3872 436 3924 Patere.
455 3875 485 3935 2,
504 3875 545 3923 32.
572 3873 703 3924 iudicandi
714 3876 900 3940 munua‚·quod
911 3875 938 3926 0.
953 3875 1082 3926 Gracchus
1098 3883 1210 3939 ereptam
1226 3889 1266 3924 ae-

142 3957 223 4008 natui
239 3957 276 4005 ad
292 3957 402 4021 equites,
424 3957 496 4006 Sulla
517 3957 548 4006 ab
567 3958 616 4007 illis
633 3959 669 4008 ad
690 3967 802 4012 senatum
824 3961 1019 4018 transtulerant,
1043 3962 1184 4024 aequaliter
1200 3960 1267 4008 inter

138 4050 280 4106 utrmque
297 4042 408 4104 partitus
426 4047 472 4091 eet.
492 4041 560 4091 Tac.
579 4041 647 4092 Ann.
668 4045 773 4102 11‚,2a.
804 4043 879 4096 Suet.
898 4042 978 4094 Caes.
997 4045 1039 4092 41.
1070 4041 1132 4092 Oot.
1151 4045 1193 4094 32.

219 4125 277 4187 126)
302 4125 321 4177 i.
340 4139 378 4177 e.:
400 4141 448 4176 aon
472 4127 581 4176 welebea
603 4142 659 4175 man
682 4129 708 4176 in
726 4129 884 4178 Anbetracbt
905 4129 974 4178 ibree
994 4143 1093 4190 ponzen
1114 4128 1266 4178 Verbaltena

136 4209 288 4265 annebmen
305 4209 382 4272 kann,
401 4212 462 4262 dass
479 4212 516 4261 aie
535 4211 583 4260 der
600 4213 650 4275 aas
662 4214 700 4262 aie
716 4213 847 4276 saltenden
864 4212 942 4262 Wott
963 4213 1130 4276 anteprecben
1151 4215 1264 4263 witrden.

217 4292 279 4358 127)
297 4293 463 4354 Mommsen,
482 4294 611 4360 Inscript.
630 4296 718 4361 Neap.
736 4312 763 4361 p.
781 4297 840 4346 480.
874 4296 910 4348 id.
930 4293 1104 4347 Stedtrechte
1122 4313 1148 4362 p.
1161 4298 1211 4348 446
1223 4311 1265 4362 sq.

218 4378 278 4443 128)
297 4378 358 4430 Liv.
378 4381 424 4443 39,
443 4382 485 4430 39.
521 4379 696 4444 Marquardt,
715 4380 825 4431 Handb.
843 4383 868 4441 2,
886 4383 910 4441 3,
930 4380 962 4431 96
980 4396 1006 4432 n.
1025 4382 1084 4434 370.
