3154 5162
552 463 558 469 ι
638 377 721 434 PARS
743 378 772 434 11.
817 377 921 434 GAPVT
944 379 962 434 1.
1290 383 1350 444 135
1442 345 1449 353 ·

318 541 431 615 Quibus
453 543 591 605 omnibus
611 546 774 622 generatim
798 545 998 615 confirmatur,
1023 551 1052 604 31
1067 545 1153 606 Plinii
1175 547 1350 627 descriptio·

223 663 300 706 nem
315 663 415 706 veram
429 643 609 725 plenamque
624 647 802 725 provinciae,
823 644 916 724 qualis
931 645 986 707 sub
1003 627 1135 725 Augusto
1153 655 1223 718 erat,
1248 651 1350 727 imagi·

223 765 300 807 nem
323 746 404 817 dare,
422 754 540 827 etpost
563 748 728 826 Augustum
750 749 929 828 paucissima
951 754 1065 809 tantum
1093 750 1123 809 in
1145 749 1201 811 1133
1222 752 1350 828 imagine

226 867 298 910 esse
320 855 441 910 mutata.
473 850 633 936 Speciatim
649 852 851 930 consequitur,
868 857 988 931 praeter
1003 849 1148 912 Medullos
1164 859 1193 912 et
1207 851 1350 932 Elpcocos

224 969 336 1012 revera
358 949 467 1012 nullius
491 953 615 1012 civitatis
637 970 746 1012 nomen
761 951 907 1013 formulae
923 952 1072 1014 Plinianae
1090 953 1128 1032 (3,
1153 949 1182 1030 5)
1207 971 1272 1014 esse
1288 954 1348 1014 adi-

226 1052 385 1122 ciendum,
408 1054 545 1132 inprimis
566 1059 665 1114 autem
695 1071 793 1133 neque
816 1054 980 1116 Ceutrones
1002 1071 1099 1132 neque
1122 1055 1274 1133 Caturiges
1294 1074 1348 1115 un·
1443 1053 1444 1056 ’

225 1173 319 1234 quam
340 1157 509 1235 provinciae
532 1153 717 1218 Narbonensi
741 1174 806 1218 esse
829 1155 996 1218 attributos.
1034 1155 1146 1218 Deinde
1168 1175 1228 1217 non
1250 1158 1349 1218 minus

224 1258 424 1337 perspicuum
440 1263 485 1317 est
501 1263 530 1316 et
545 1256 651 1318 collato
664 1256 834 1319 Ptolemaeo
849 1257 886 1338 (3,
902 1256 929 1337 1)
947 1261 1197 1328 3331113131111,31
1213 1259 1350 1320 omnihus

224 1361 266 1420 iis
288 1358 468 1428 civitatibus,
493 1359 620 1438 quaein
643 1361 745 1420 notitia
767 1361 986 1439 provinciarum
1002 1360 1112 1421 Galliae
1128 1362 1286 1439 provinciis
1301 1359 1349 1422 Al-

222 1461 312 1540 pium
323 1461 538 1522 Maritimarum
551 1469 580 1522 et
592 1463 747 1524 Graiarum
760 1461 999 1531 contribuuntur,
1015 1463 1146 1541 exceptis
1160 1462 1350 1524 lliniensihus

224 1561 342 1624 nullam
365 1581 496 1642 unquam
519 1565 688 1643 provinciae
711 1562 914 1625 Narbonensis
937 1565 1038 1626 luisse.
1084 1565 1219 1642 Denique
1240 1564 1348 1643 proba-

223 1673 294 1734 tur,
319 1663 399 1744 quud
421 1683 510 1744 supra
532 1667 591 1726 iam
615 1667 820 1745 exposuimus,
844 1684 939 1746 usque
962 1667 997 1727 ad
1021 1684 1134 1727 summa
1149 1665 1266 1746 Alpium
1281 1667 1349 1742 iuga

222 1785 376 1845 nusquam
397 1769 578 1845 pertinuisse
601 1769 782 1846 provinciam
805 1773 952 1838 nostram,
977 1768 1109 1848 quamvis
1132 1786 1226 1846 prope
1247 1769 1278 1827 in
1300 1767 1347 1828 Al·

222 1866 403 1946 lobrogibus
430 1869 466 1929 ad
490 1888 523 1929 33
547 1871 714 1930 3333333111.
743 1902 776 1912 -
803 1869 917 1940 Quibus
945 1871 1086 1948 expositis
1113 1869 1228 1930 facilius
1258 1885 1347 1946 expe·

223 1969 328 2030 dictur
349 1969 439 2030 huius
461 1972 554 2049 partis
577 1971 745 2051 descriptio.

315 2071 397 2142 Quae
419 2091 436 2132 a
458 2071 595 2134 Rhodani
621 2074 764 2133 inferiore
793 2072 827 2132 ad
851 2072 953 2151 Alpes,
984 2091 998 2131 a
1021 2070 1165 2132 Rhodano
1193 2073 1349 2150 superiore

223 2173 265 2234 ad
288 2191 370 2233 mare
393 2172 537 2235 Gallicum
558 2175 653 2235 tendit
674 2176 774 2252 regio,
798 2182 903 2236 natura
926 2173 1065 2234 dividitur
1092 2176 1124 2233 in
1146 2179 1247 2253 partes
1275 2180 1346 2241 tres,

223 2294 356 2356 quarum
389 2276 484 2354 prima
518 2282 563 2336 est
594 2279 673 2336 inter
706 2295 788 2336 mare
823 2282 852 2336 et
884 2276 1071 2345 Druentiam,
1107 2274 1236 2336 secunda
1269 2276 1348 2336 inter

222 2378 402 2440 Druentiam
426 2384 455 2438 31
469 2377 596 2447 Isaram,
620 2379 708 2439 131113
728 2380 808 2438 13131
823 2377 935 2439 1331331
958 2384 988 2438 31
1002 2376 1187 2439 Rhodanum.
1225 2376 1347 2438 13333-

223 2497 346 2559 quaque
367 2486 452 2558 parte
474 2498 565 2541 unam
588 2479 735 2558 quandam
757 2487 877 2558 gentem
900 2482 961 2541 sive
984 2480 1076 2542 solam
1099 2481 1266 2541 invenimus
1289 2480 1348 2539 sive

223 2579 294 2644 aliis
315 2581 403 2660 longe
424 2583 678 2662 praeminentem,
702 2583 732 2642 in
747 2585 843 2661 prima
860 2582 972 2644 33111331
988 2581 1148 2652 Salluvios,
1171 2583 1203 2642 in
1219 2582 1348 2644 secunda

223 2685 397 2754 Vocontios,
414 2685 533 2745 tertiam
550 2690 640 2744 131313
663 2683 699 2746 ab
715 2682 922 2762 Allobrogibus
937 2683 1082 2746 habemus
1098 2692 1280 2763 occupatam.
1312 2683 1349 2743 Et
1409 2683 1412 2690 '

222 2789 260 2848 13
282 2787 377 2865 prima
400 2786 521 2866 quidem
542 2792 628 2864 parte
650 2791 718 2846 ante
741 2788 840 2846 omnia
869 2787 1008 2846 eximitur
1032 2805 1067 2846 31
1091 2785 1209 2846 Gallicis
1232 2784 1348 2864 oppidis

222 2887 397 2950 Massilia
421 2887 594 2970 (1131131113)
619 2905 687 2949 cum
709 2888 758 2957 iis,
783 2904 856 2964 quas
878 2892 946 2966 post
967 2886 1074 2947 Iulium
1097 2887 1253 2948 Caesarem
1275 2887 1346 2946 reti-

223 2989 334 3060 nebat,
359 2989 536 3051 stationibus
559 2991 723 3051 maritimis.
771 2988 842 3049 Cum
866 2992 966 3048 autem
989 3005 1065 3067 quae
1089 2986 1347 3075 circaMassiliarn

224 3098 296 3152 erat
316 3094 398 3170 regio
415 3092 525 3153 Gallica
546 3109 623 3154 3313
639 3089 727 3151 modo
744 3091 990 3158 constitueretur,
1014 3089 1124 3149 13311131
1148 3095 1206 3159 331,
1230 3096 1263 3149 31
1278 3106 1348 3166 ager

222 3191 419 3256 Massiliensis
448 3193 607 3255 admodum
638 3198 781 3270 angustus
808 3191 1043 3272 relinqueretur;
1073 3207 1203 3268 namque
1235 3192 1267 3251 in
1295 3209 1347 3251 313

221 3300 308 3358 13131
323 3296 482 3358 Μ333111331
506 3304 535 3357 31
550 3294 727 3357 Rhodanum
750 3312 810 3355 non
832 3293 920 3355 modo
944 3293 1086 3374 oppidum
1102 3293 1240 3354 Latinum
1255 3291 1348 3354 babes

222 3398 428 3462 Anatiliam
450 3400 481 3459 in
503 3400 626 3476 regione
648 3397 858 3467 Anatiliorum,
889 3396 941 3457 sed
965 3397 1053 3457 etiam
1076 3397 1229 3474 regionem
1251 3397 1345 3458 Avati-

224 3518 335 3562 corum
358 3520 426 3562 cum
448 3498 556 3580 oppido
572 3500 717 3560 Maritima
740 3504 769 3558 et
784 3499 950 3569 Tricorios,
974 3491 1101 3579 quorum
1123 3497 1265 3578 oppidum
1287 3516 1347 3558 non

223 3602 339 3664 indicat
361 3601 473 3663 Plinius
498 3603 547 3680 (3,
572 3599 617 3679 5).
663 3600 839 3662 Maritimam
868 3611 982 3671 autem,
1008 3619 1073 3661 cum
1103 3599 1266 3660 secundum
1289 3598 1347 3658 Pli-

224 3707 312 3766 nium
342 3711 400 3766 tam
428 3706 459 3765 in
488 3722 539 3764 ora
568 3720 657 3780 quam
690 3701 726 3762 ad
741 3683 891 3781 ”stagnum
918 3702 1135 3764 Mastramelam
1169 3679 1283 3782 (drona
1311 3702 1348 3760 de

223 3805 351 3884 Berres)
381 3806 435 3868 sita
463 3812 557 3874 esset,
587 3805 754 3880 1131111333
782 3823 847 3866 3333
877 3804 1005 3884 (Anville
1033 3823 1062 3883 p.
1088 3808 1149 3870 434
1172 3801 1232 3880 sq.)
1261 3800 1347 3862 133113

225 3906 407 3977 credideris,
441 3906 585 3969 Anatiliae
615 3925 685 3967 1313
720 3908 809 3982 311113,
842 3908 899 3967 3131
929 3905 1008 3986 quod
1039 3907 1118 3965 inter
1153 3912 1287 3980 stagnum
1318 3909 1347 3962 31

223 4008 387 4072 Massiliam
415 4009 586 4070 interfuisse
610 4026 626 4068 a
650 4006 745 4068 Plinio
768 4008 893 4078 dicitur,
917 4007 1085 4084 incognitus
1108 4010 1161 4064 est.
1208 4003 1347 4064 Ceterum

224 4129 326 4190 neque
347 4112 485 4172 Avaticos
506 4127 604 4189 neque
627 4105 830 4187 Tricorios19),
856 4109 923 4186 quia
945 4107 1120 4168 latinitatem
1144 4105 1244 4164 neutri
1266 4105 1347 4180 genti

298 4327 345 4396 19)
364 4328 446 4392 Quod
460 4329 567 4380 Plinius
586 4328 689 4380 diserte
708 4327 853 4394 distinguit
870 4325 1009 4376 Tricorios
1033 4328 1061 4375 et
1078 4321 1228 4386 Tricollos,
1249 4322 1344 4374 Livius
