3154 5162
520 487 607 550 blus
629 487 648 549 l.
691 491 798 549 Cth'l'
819 491 849 549 ll.
1198 497 1238 560 79

126 665 208 736 gusto
229 659 455 737 perficerentur,
485 675 554 719 cum
579 658 709 736 denique
738 655 776 719 de
798 659 955 738 permultis
975 660 1073 738 lisque
1098 662 1236 738 gravissi-

126 761 178 820 mis
199 759 292 820 rebus
313 780 330 820 a
351 761 478 821 Caesare
499 762 643 821 institutis
666 762 717 838 qui
739 759 818 822 illius
841 763 984 842 temporis
1006 760 1160 822 historiam
1182 779 1235 823 no-

125 861 169 922 bis
195 861 397 931 tradiderunt,
428 868 478 924 aut
506 881 631 942 prorsus
660 869 777 923 taceant
803 870 854 924 aut
881 863 977 924 obiter
1006 869 1121 924 tantum
1150 870 1237 944 atque

15 989 17 1038 ᾗ
125 964 218 1024 miuus
241 967 379 1024 accurate
401 965 543 1034 referant,
567 963 686 1026 difficile
710 970 765 1034 est,
790 982 865 1042 quae
885 967 950 1044 ipse
972 963 1080 1027 Caesar
1102 967 1236 1026 institue·

15 1061 16 1112 ἰ
125 1067 170 1135 rit,
193 1083 270 1144 quae
292 1079 483 1127 successores
506 1069 571 1127 eins
585 1067 721 1128 Caesaris
736 1067 866 1136 nomine,
892 1072 1028 1128 accurate
1044 1067 1235 1144 distinguere.

15 1169 17 1180 ’
125 1165 222 1246 ltaque
244 1169 271 1228 si
293 1183 368 1248 quae
390 1170 560 1246 provinciae
583 1167 785 1229 Narbonensis
812 1169 844 1228 in
871 1167 937 1229 Iulii
959 1168 1093 1230 Caesaris
1119 1171 1237 1229 institu-

15 1277 17 1286 ’
125 1269 160 1328 tis
180 1276 250 1348 pars
272 1271 363 1330 luerit
384 1271 562 1346 qurerimus,
586 1286 646 1330 non
668 1269 776 1330 desunt
797 1269 924 1350 qudem,
950 1285 1023 1347 quae
1045 1272 1153 1332 summi
1172 1289 1235 1331 mo-

125 1373 213 1431 menti
233 1387 325 1432 resa
353 1369 501 1432 veteribus
528 1372 724 1451 scriptoribus
751 1371 864 1432 diserte
892 1371 928 1432 ad
955 1373 1053 1451 ipsum
1081 1373 1237 1434 Caesarem

15 1481 16 1528 ξ
125 1473 291 1533 referantur
318 1489 448 1552 quasque
477 1481 737 1534 monumentorum
763 1475 978 1553 inscriptorum
999 1473 1073 1534 fides
1095 1473 1237 1553 suppedi-

15 1567 16 1582 ²
75 1623 76 1628 ,
124 1579 171 1643 tet,
195 1575 247 1634 sed
272 1589 369 1651 neque
390 1573 664 1654 usquamrelatum
685 1577 836 1636 inveneris
865 1593 914 1645 ea,
939 1577 1067 1654 quaein
1090 1574 1145 1636 hac
1167 1593 1236 1654 pre

124 1676 214 1736 vincia
244 1676 352 1737 Caesar
373 1679 505 1746 novavit,
534 1677 570 1738 ad
597 1694 690 1738 unum
718 1677 865 1754 quoddam
892 1675 1046 1736 consilium
1075 1679 1235 1757 pertinere,

124 1793 216 1856 neque
239 1777 382 1848 traditur,
411 1795 470 1858 quo
499 1797 578 1838 anno
607 1778 677 1840 huic
706 1777 743 1840 de
773 1795 829 1857 qua
858 1781 972 1857 agimus
993 1779 1106 1840 Galliae
1127 1780 1237 1841 Trans·

15 1877 17 1958 ξ
125 1877 237 1958 alpinae
269 1881 345 1959 parti
374 1881 485 1943 Caesar
514 1881 709 1951 consuluerit,
746 1895 843 1958 neque
872 1881 1000 1960 denique
1029 1887 1112 1940 certo
1139 1887 1238 1959 potest

15 1969 17 2048 l
124 1979 252 2050 deliniri,
284 1999 358 2060 quae
381 2002 398 2044 a
420 1999 537 2060 quoque
558 1984 669 2044 mortui
696 1983 830 2044 Caesaris
859 1997 1031 2042 successore
1053 1983 1173 2060 incepto
1201 1981 1237 2042 ab

15 2071 17 2160 l
123 2080 176 2142 hoc
197 2084 283 2162 operi
308 2085 367 2144 sint
389 2083 511 2145 adiecta.
557 2083 656 2146 Nihilo
678 2099 751 2144 vero
772 2085 868 2144 minus
890 2082 1064 2152 dummodo,
1090 2100 1235 2159 quaecun·
1300 2085 1302 2088 ’

123 2201 176 2262 que
198 2183 248 2244 hic
271 2181 331 2244 illic
358 2185 491 2265 dispersa
513 2185 764 2266 deprehendimus
792 2190 963 2264 argumenta
990 2183 1148 2262 diiigenter
1177 2183 1236 2244 col-

15 2295 16 2308 *
122 2283 254 2362 ligamus
279 2287 359 2346 inter
381 2304 414 2348 se
437 2305 653 2367 comparemus,
677 2288 714 2348 ad
735 2288 866 2348 universi
887 2287 1007 2366 imperii
1029 2285 1154 2347 Romani
1178 2295 1235 2347 sta-

15 2435 17 2476 }
123 2393 195 2459 tum,
226 2389 279 2466 qui
307 2386 357 2450 illa
383 2395 479 2450 aetate
507 2397 586 2459 crat,
621 2390 801 2460 referamus,
830 2400 1060 2468 cognoscem-us,
1090 2388 1237 2465 quomodo

123 2499 239 2552 nostrae
263 2491 432 2568 provinciae
454 2491 586 2571 perlecta
609 2493 647 2552 sit
668 2509 742 2552 nova
765 2491 909 2552 condicio.

15 2649 17 2678 ἶ
203 2593 241 2653 Et
264 2593 393 2671 primum
416 2591 536 2672 quidem
558 2593 595 2653 ad
616 2592 834 2654 dilucidandum
856 2592 932 2653 hanc
955 2593 1160 2670 quaestionem
1180 2594 1237 2653 uti·

15 2683 17 2730 t
122 2691 266 2755 tissimum
289 2696 346 2754 erit
365 2695 534 2772 inquirere,
565 2713 637 2755 uum
664 2698 822 2756 constituta
850 2711 924 2756 nova
950 2695 1121 2774 provinciae
1143 2695 1237 2756 lorma

123 2795 410 2873 certisquibusdam
431 2798 576 2876 temporis
597 2798 733 2858 terminis
755 2798 850 2876 possit
873 2797 998 2858 deliniri.
1037 2795 1169 2857 Vidimus
1187 2815 1237 2857 au*

123 2903 180 2957 tem
202 2905 273 2959 ante
297 2905 411 2977 captam
433 2897 592 2959 Massiliam
614 2901 645 2959 in
668 2905 746 2960 statu
772 2899 942 2977 prouinciae
970 2897 1083 2958 nullum
1110 2907 1237 2960 mutatae

15 2981 16 3002 l
122 3000 304 3061 condicionis
328 2999 481 3077 vestigium
503 3018 591 3078 posse
614 2999 805 3081 deprehendi,
828 3015 925 3076 neque
941 3001 1034 3076 magis
1055 3001 1120 3080 ipso
1136 3008 1238 3080 captae

15 3093 17 3110 '
121 3099 197 3162 illius
219 3101 305 3162 urbis
327 3109 478 3162 momento
500 3102 660 3180 quidquam
685 3102 722 3162 de
745 3103 808 3161 eius
830 3118 903 3178 agro
926 3117 991 3160 esse
1004 3107 1163 3184 statutum.
1201 3105 1238 3162 lt

15 3233 16 3242 ν
123 3203 225 3264 eodem
248 3203 325 3274 loco,
349 3221 408 3284 quo
429 3205 483 3266 Dio
506 3204 563 3265 hoo
584 3204 694 3273 refert,
716 3203 821 3271 adicit,
848 3203 1016 3282 posteriore
1038 3202 1164 3280 quodam
1187 3203 1237 3263 de-

15 3289 16 3296 *
122 3314 201 3367 creto
231 3308 333 3367 omnia
361 3314 480 3385 praeter
506 3305 653 3367 libertatis
680 3322 792 3366 nomen
818 3305 977 3365 Gaesarem
1005 3304 1238 3366 Massiliensibus

122 3406 279 3469 abstulisse
288 3403 337 3486 ¹³),
366 3408 445 3469 unde
473 3409 681 3485 consequitur,
712 3424 782 3486 agro
806 3423 938 3486 quoque,
968 3421 1056 3484 quem
1079 3413 1164 3468 antea
1184 3407 1238 3468 'lra-

15 3499 16 3502 '
122 3507 257 3579 buerant,
282 3527 333 3570 eos
356 3527 421 3572 esse
442 3509 609 3572 nmlctatos.
653 3509 715 3571 lam
743 3527 813 3570 vero
841 3526 899 3585 quo
926 3515 1062 3588 ternpore
1088 3507 1145 3569 hoo
1168 3509 1238 3570 Cae·

122 3627 169 3672 sar
190 3611 342 3672 decrevit?
387 3611 472 3684 Quod
498 3611 657 3672 desumere
684 3629 841 3690 possumus
869 3629 905 3671 ex
928 3611 1061 3671 Suetonii
1088 3608 1139 3670 illo
1162 3610 1237 3680 loeo,

15 3691 19 3710 ⁵
121 3729 177 3792 quo
200 3713 239 3774 de
263 3712 396 3775 deductis
418 3716 449 3774 in
472 3713 697 3775 Narbonensem
720 3712 844 3774 Galliam
867 3711 990 3774 coloniis
1011 3711 1086 3773 hacc
1108 3709 1237 3791 dicitill:

15 3817 17 3876 ἶ
120 3823 207 3888 pater
239 3813 365 3886 Tiberii,
400 3823 538 3892 quaestor
566 3817 598 3876 O.
630 3817 781 3891 Caesaris,
815 3815 1023 3876 Areaaadrroo
1050 3816 1124 3874 detto
1150 3817 1241 3874 classi

120 3919 310 3994 praepositos
332 3921 499 3994 plurimam
527 3920 571 3978 od
596 3921 750 3980 victoriam
771 3921 910 3988 eontulit·
938 3935 1032 3992 quere
1053 3924 1082 3976 et
1099 3916 1239 3992 pontifex

187 4188 233 4254 13)
259 4189 313 4240 Dio
331 4190 378 4253 41,
398 4191 443 4241 25:
467 4186 516 4242 noel
533 4177 566 4249 ὃς
585 4187 639 4256 (sc.
660 4179 820 4252 siliciaco)
841 4179 959 4239 ἐκείνων
977 4185 1028 4250 (sc.
1047 4183 1103 4238 τῶν
1119 4185 1239 4237 Μασσα-

15 4287 17 4344 5
121 4270 238 4336 λιωτῶν)
257 4266 322 4325 τότε
340 4268 394 4340 μὲν
411 4267 446 4325 τά
464 4289 494 4325 τε
513 4263 587 4325 ὅπλα
610 4272 660 4326 καὶ
683 4269 735 4334 τὰς
753 4272 823 4332 ναῦς
842 4268 877 4323 τά
896 4287 926 4322 τε
944 4266 1074 4336 χρήματα
1093 4263 1236 4334 ἀφείλετο·

15 4391 17 4426 5
121 4344 240 4423 ὕστερον
259 4353 292 4410 db
311 4351 414 4410 καὶτὰ
433 4350 518 4410 λοιπὰ
535 4350 632 4410 πάντα
655 4351 730 4424 πλὴν
751 4356 802 4409 τοῦ
824 4355 875 4423 τῆς
898 4349 1071 4424 ἐλευθερίας
1089 4369 1237 4422 ονοματος.

189 4437 452 4506 mmmm
