3184 5162
352 469 392 528 32
812 464 1009 522 rnootnrvrr.

351 632 418 694 dole
440 651 618 711 morumque
640 631 810 711 disciplina,
835 639 865 692 et
887 632 963 694 vitae
986 651 1042 694 usu
1065 639 1154 712 atque
1175 632 1391 694 consuetudine
1414 652 1469 692 no·

351 735 397 796 bis
419 733 619 803 tradiderunt,
649 732 737 796 latius
764 740 903 813 repetere
932 751 1029 814 neque
1058 741 1194 795 nostrum
1227 742 1272 794 est
1292 752 1391 812 neque
1413 737 1472 814 ipsi

350 839 395 898 rei
419 844 498 897 esset
521 843 769 905 consentaneum,
800 838 868 914 qrria
897 855 933 895 ex
956 855 1016 915 quo
1039 835 1264 897 Massiliensium
1289 837 1471 896 commercia

351 958 419 999 cum
440 940 476 1000 iis
491 937 640 1016 gentibus,
664 956 739 1016 qnae
762 938 804 998 cis
820 937 987 998 Cebennam
1004 945 1135 998 montem
1152 945 1182 998 et
1197 940 1276 998 circa
1291 937 1470 998 Rhodanum

350 1040 558 1108 considebant,
581 1041 770 1118 inceperant,
793 1041 852 1099 iam
875 1057 934 1100 nou
954 1041 1067 1108 omnia,
1090 1057 1167 1118 quae
1189 1040 1226 1099 de
1249 1042 1470 1118 septentriona-

350 1141 427 1204 libus
456 1141 547 1202 Gallis
574 1139 680 1201 tradita
709 1149 792 1210 sunt,
822 1142 973 1219 pertinent
1001 1141 1037 1200 ad
1067 1139 1285 1202 meridionales.
1337 1141 1410 1202 Nam
1436 1161 1471 1202 ea

351 1246 485 1320 quidem,
515 1261 590 1322 quae
618 1243 655 1302 de
683 1241 814 1320 generali
844 1240 995 1303 Gallorum
1023 1244 1159 1321 corporis
1188 1241 1289 1303 babitu
1318 1244 1470 1321 animique

349 1345 458 1416 indole,
483 1345 519 1405 de
542 1346 677 1424 proceris
699 1342 860 1422 validisque
884 1344 1070 1423 corporibus
1093 1343 1130 1404 de
1153 1363 1305 1406 armorum
1320 1343 1470 1421 gerendo·

350 1464 417 1507 rum
440 1444 591 1507 habilitate
618 1453 734 1506 veteres
757 1447 921 1524 scriptores
944 1443 1088 1514 allerunt,
1118 1465 1194 1526 quae
1219 1446 1322 1506 dicunt
1343 1446 1381 1505 de
1405 1445 1470 1504 bel·

350 1548 405 1607 lica
429 1566 532 1608 eorum
556 1546 743 1616 tortitudine,
773 1547 810 1606 de
839 1564 987 1624 generoso
1017 1547 1144 1624 quodam
1174 1548 1264 1608 animi
1291 1549 1406 1625 impetu
1433 1546 1470 1606 ad

350 1667 471 1726 magnas
499 1667 549 1709 res
576 1649 706 1718 serente,
736 1648 772 1708 de
801 1649 927 1709 naturali
955 1647 1080 1728 quadam
1109 1648 1245 1710 facundia
1269 1655 1298 1708 et
1326 1645 1470 1716 bonitate,

351 1750 387 1810 de
424 1750 532 1826 insigni
577 1751 608 1810 in
647 1749 825 1827 quibusdam
867 1749 981 1811 artibus
1021 1748 1212 1819 dexteritate,
1255 1768 1353 1830 neque
1396 1767 1471 1810 vero

350 1853 449 1912 minus
471 1851 508 1911 de
531 1851 694 1911 eorundem
709 1850 837 1920 levitate,
861 1853 1066 1920 inconstantia,
1082 1853 1238 1922 ‘vanitate
1250 1850 1471 1912 discordiarum

350 1971 451 2013 amore
474 1960 546 2022 etc,
571 1971 604 2012 ea
627 1954 724 2013 omnia
746 1953 898 2013 Gallorum
920 1952 1157 2013 meridionalium
1185 1971 1245 2012 non
1274 1955 1374 2013 rninus
1396 1972 1470 2031 pro·

349 2057 413 2134 pria
435 2055 528 2116 luisse
556 2074 643 2134 quarn
668 2054 866 2132 reliquorum,
894 2072 949 2133 per
977 2073 1009 2114 se
1031 2054 1228 2132 intellegitur:
1258 2063 1362 2115 contra
1390 2072 1470 2133 quae

349 2158 475 2218 leritatis
504 2165 533 2216 et
564 2175 690 2236 prorsus
720 2155 840 2217 barbari
875 2157 967 2216 moris
1001 2158 1083 2234 signa
1117 2163 1346 2217 commemorata
1383 2157 1469 2216 inve·

350 2260 414 2325 nis,
454 2275 488 2317 ea
524 2260 582 2318 iam
620 2255 675 2317 bac
711 2264 807 2319 aetate
842 2257 878 2317 ad
918 2257 1125 2319 meridionales
1163 2257 1262 2318 Gallos
1291 2277 1358 2342 *non
1396 2277 1468 2338 pos-

349 2366 419 2419 sunt
447 2359 564 2418 relerri.
610 2359 651 2419 Ex
684 2358 775 2418 altera
805 2366 905 2419 autern
931 2369 1016 2438 parte
1043 2379 1082 2420 ne
1110 2360 1197 2419 nimis
1224 2361 1323 2436 magni
1345 2359 1469 2438 quidem

350 2459 529 2519 aestimanda
553 2478 634 2528 esse,
658 2477 733 2538 quae
756 2458 792 2518 de
815 2459 919 2520 Graeci
942 2462 1034 2521 moris
1056 2460 1133 2541 apud
1155 2459 1255 2521 Gallos
1277 2462 1374 2520 nitore
1398 2481 1469 2522 nar-

349 2568 395 2620 rat
417 2557 611 2638 Trogus¹⁰⁰),
636 2577 671 2620 ex
694 2562 809 2620 lislam
832 2569 970 2641 apparet,
999 2580 1075 2641 quae
1103 2580 1192 2641 supra
1219 2562 1257 2622 de
1283 2562 1470 2624 Graecarum

349 2661 533 2722 coloniarum
556 2663 671 2722 ratione
693 2681 761 2722 oum
776 2662 923 2739 indigenis
933 2663 1045 2740 ‚agendi
1067 2663 1204 2732 diximus,
1230 2672 1259 2723 et
1280 2665 1362 2724 iniis
1378 2681 1469 2742 prae·

349 2764 451 2823 sertim
474 2762 575 2832 rebus,
598 2781 675 2841 quae
697 2763 733 2823 ad
756 2763 978 2824 constituendas
1001 2763 1185 2844 respublicas
1207 2747 1373 2844 pertinent,
1400 2765 1469 2826 nul·

348 2864 406 2926 lius
428 2882 523 2944 prope
546 2866 689 2924 momenti
714 2873 777 2925 crat
799 2866 982 2926 Graecorum
1006 2865 1183 2945 exemplum.

432 2967 493 3027 Hac
516 2968 594 3026 enirn
617 2967 732 3028 ratione
755 2964 883 3027 Gallicae
907 2968 1053 3036 civitates,
1081 2987 1156 3047 quae
1178 2969 1256 3028 inter
1279 2968 1468 3048 Pyrenaeum

348 3075 378 3129 et
392 3066 481 3148 Alpes
504 3074 597 3138 erant,
622 3074 690 3128 ante
705 3067 906 3129 Romanorum
922 3068 1078 3130 adventum
1096 3071 1270 3136 constitutas
1286 3068 1338 3128 tibi
1355 3070 1467 3148 lingas:

347 3171 437 3228 divisa
465 3175 529 3228 erat
556 3169 629 3228 haec
656 3187 776 3248 quoque
804 3167 932 3229 Gallicae
959 3171 1086 3230 nationis
1115 3189 1184 3249 pars
1211 3171 1241 3230 iu
1269 3179 1375 3248 gentes
1405 3173 1469 3231 sive

348 3271 489 3337 civitates,
512 3288 588 3347 quae
611 3287 670 3328 non
694 3288 746 3347 per
769 3269 860 3330 urbes
882 3267 1061 3340 habitabant,
1086 3271 1148 3340 sed,
1173 3272 1229 3330 nisi
1244 3271 1393 3332 bellorum
1413 3291 1466 3332 ne-

348 3372 470 3431 cessitas
493 3371 570 3430 intra
594 3372 710 3430 moenia
733 3389 765 3430 se
788 3377 891 3432 tenere
915 3391 966 3432 eos
988 3371 1126 3449 cogebat,
1155 3391 1210 3451 per
1239 3374 1318 3433 vicos
1346 3373 1466 3452 disper-

346 3491 405 3532 sae.
452 3471 592 3531 Praeerat
613 3473 720 3550 cuique
742 3472 823 3548 genti
845 3490 898 3531 rex
921 3474 982 3532 sive
1004 3473 1141 3549 regulus,
1168 3473 1196 3532 id
1220 3474 1298 3552 quod
1322 3475 1408 3534 vides
1431 3495 1469 3535 ex

347 3573 445 3640 Livio,
474 3573 525 3651 qui
547 3571 742 3632 Hannibalem
764 3573 932 3652 Pyrenaeos
959 3581 1177 3651 transgressum
1207 3575 1244 3635 de
1270 3576 1380 3636 itinere
1411 3597 1468 3638 suo

347 3661 483 3750 agentem
505 3673 575 3733 lacit
597 3690 664 3732 cum
679 3672 800 3750 'regulis
823 3673 972 3734 civitatum
988 3674 1175 3735 Gallicarum.
1189 3672 1237 3752 ¹⁰¹)
1275 3676 1389 3736 Gentes
1413 3687 1476 3738 au·'

415 3892 589 3955 nominatio.
608 3892 654 3949 43,
673 3891 703 3940 4:
728 3891 769 3941 Ab
786 3891 825 3940 bio
844 3889 1087 3957 (Massiliensibus)
1112 3893 1178 3942 Galli
1196 3899 1220 3942 et
1238 3909 1307 3944 amum
1325 3896 1394 3945 oilae
1414 3901 1467 3946 cul·

345 3979 419 4028 tiaris
438 3979 556 4041 deposito
574 3983 600 4026 et
616 3976 789 4039 mansuefacto
807 3974 930 4024 barbaria
953 3982 978 4024 et
1000 3992 1119 4040 aprorum
1137 3980 1216 4026 naritus
1234 3985 1260 4027 et
1277 3978 1354 4027 urbes
1370 3985 1469 4030 moeni-

345 4064 390 4113 bus
414 4065 516 4127 oiopere
534 4062 686 4111 didicerunt.
726 4060 795 4108 Taum
818 4065 842 4107 et
866 4059 961 4124 Iepibus
983 4076 1033 4109 aon
1052 4062 1128 4109 uranie
1144 4063 1240 4119 oluere,
1263 4069 1324 4112 tarne
1346 4071 1372 4112 et
1391 4069 1469 4115 uitem

343 4153 451 4212 potare,
476 4154 534 4195 tuac
551 4146 640 4195 olivam
656 4159 745 4193 serere
763 4150 958 4202 conmemorat,
981 4144 1095 4208 adeoque
1117 4161 1220 4209 rnopnus
1238 4153 1263 4194 et
1280 4148 1424 4198 doctioribus
1442 4156 1469 4198 et

343 4231 420 4280 rebus
437 4233 567 4294 impositus
585 4235 624 4278 eet
640 4230 722 4291 nitor,
740 4236 768 4276 ut
785 4243 834 4276 nora
855 4226 964 4276 Graecia
980 4228 1006 4275 io
1026 4227 1130 4277 Gelliam
1149 4231 1294 4294 emipracer,
1312 4234 1361 4282 ced
1380 4233 1468 4283 Gallia

344 4317 370 4364 in
389 4314 522 4363 Graeciam
539 4317 665 4363 translato
682 4315 820 4362 videretur.

414 4394 475 4457 101)
493 4397 554 4449 Liv.
572 4400 619 4459 21,
637 4398 679 4446 24.
