3124 5168
528 457 613 516 ptus
634 459 664 516 ll.
709 461 815 518 CAPVT
836 463 877 520 lll.
1196 471 1257 532 259

221 627 357 687 Attamen
385 631 418 686 ut
445 624 502 686 hoc
530 625 611 695 loco,
641 630 783 707 expositis
812 629 935 708 singulis
962 632 1104 694 institutis
1131 633 1168 693 de
1196 640 1256 695 tota

136 745 170 787 re
192 726 365 807 provinciali
387 729 536 806 possimus
557 728 703 800 iudicare,
728 729 764 791 ad
788 729 863 792 hanc
886 733 1076 811 potissimum
1098 734 1134 795 de
1157 738 1255 796 conci·

135 828 184 889 liis
221 830 426 909 quaestionem
460 837 579 909 oportet
612 833 743 892 animum
782 833 979 895 intendamus.
1036 835 1256 898 Celebravimus

136 949 226 1011 supra
249 930 315 992 Iulii
337 931 472 992 Caesaris
495 931 617 992 consilia
645 933 681 993 ab
703 934 837 1011 Augusto
860 935 988 997 stabilita
1016 944 1045 997 et
1073 938 1255 1010 confirmata,

134 1033 303 1111 provincias
325 1031 362 1094 ad
385 1032 520 1094 Italicum
544 1033 663 1095 modum
687 1036 901 1106 constituendi,
926 1037 1068 1098 beneficia
1092 1038 1255 1102 civilislta-

134 1133 261 1195 licorum
284 1136 360 1196 vitae
382 1153 578 1215 peromnem
602 1135 705 1196 orbem
719 1138 903 1216 propagandi
927 1146 956 1199 et
977 1158 1032 1219 per
1055 1140 1148 1202 civilia
1171 1143 1255 1203 insti·

135 1244 197 1298 tuta
220 1235 401 1316 populorum
424 1237 550 1298 ulterius
571 1255 801 1318 progressorum
824 1237 1037 1302 humanitatem
1060 1261 1127 1304 cum
1149 1243 1256 1306 barba·

134 1340 178 1399 ris
200 1337 340 1416 gentibus
363 1340 616 1409 communicandi,
639 1341 785 1402 rationem
808 1340 936 1420 denique
958 1343 1088 1405 habendi
1110 1363 1170 1406 non
1193 1353 1255 1407 tan·

134 1447 198 1501 tum
222 1442 391 1502 securitatis
412 1442 531 1523 imperii
555 1449 584 1502 et
607 1441 747 1503 facilioris
776 1441 1057 1516 administrationis,
1087 1446 1139 1507 sed
1168 1449 1256 1508 etiam

133 1545 270 1621 ipsorum
293 1542 532 1623 provincialium;
557 1545 764 1622 exposuimus,
794 1561 870 1621 quae
892 1547 985 1607 virtus
1012 1548 1043 1607 in
1072 1548 1256 1629 municipali·

134 1645 191 1706 bus
212 1646 400 1724 potissimum
423 1645 516 1705 luerit
536 1647 693 1715 institutis,
718 1663 807 1723 quam
830 1646 967 1709 celeriter
989 1667 1044 1727 per
1067 1668 1100 1709 ea
1116 1650 1151 1710 ad
1167 1651 1256 1712 finem

134 1746 277 1826 perducta
301 1748 360 1807 sint
381 1748 548 1826 primorum
570 1748 785 1826 imperatorum
807 1747 856 1810 illa
879 1748 1173 1821 consilia,·vidimus
1197 1770 1255 1830 quo

134 1848 224 1909 modo
246 1847 302 1909 bac
325 1851 369 1909 via
392 1849 519 1910 duorum
549 1847 737 1911 saeculorum
765 1852 861 1929 spatio
890 1857 970 1911 totus
997 1851 1078 1912 orbis
1105 1854 1257 1916 Romanus

134 1953 319 2031 compositus
349 1969 385 2011 ex
413 1950 583 2012 nationibus
614 1967 701 2028 quam
735 1953 863 2012 maxime
891 1953 969 2012 inter
997 1970 1029 2012 se
1062 1953 1186 2015 diversis
1220 1973 1255 2016 eo

133 2053 319 2133 pervenerit,
344 2059 377 2113 ut
399 2071 491 2114 unum
515 2070 626 2131 corpus
648 2052 781 2113 efficeret
803 2054 909 2114 civium
925 2052 1128 2115 Romanorum
1150 2056 1254 2116 iisdem

133 2154 282 2234 legibus,
304 2153 453 2224 moribus,
489 2154 591 2214 eadem
629 2152 729 2230 lingua
766 2155 1001 2215 coniunctorum.
1058 2157 1095 2216 At
1130 2157 1256 2237 vidimus

135 2259 240 2327 etiam,
276 2256 401 2317 eandem
433 2255 512 2316 illam
547 2255 846 2326 administrationem,
887 2273 964 2334 quae
997 2263 1056 2316 tam
1095 2256 1255 2320 salutarem

135 2358 296 2420 exercebat
324 2357 477 2427 ellectum,
506 2358 580 2419 adeo
609 2375 728 2436 gravem
756 2358 890 2418 evenisse
918 2359 1093 2436 provinciis,
1132 2366 1164 2420 ut
1191 2362 1255 2440 ipsa

134 2460 183 2521 illa
212 2461 347 2520 instituta
375 2458 577 2539 municipalia,
613 2461 643 2520 in
676 2459 785 2537 quibus
812 2461 909 2538 posita
938 2466 1002 2520 erat
1034 2463 1255 2538 provinciarum

134 2563 320 2642 prosperitas
343 2560 448 2623 eodem
471 2569 621 2641 tempore,
646 2577 705 2638 quo
728 2560 765 2623 ad
787 2563 974 2641 propositum
996 2562 1085 2622 linem
1106 2564 1254 2642 perduxe-

134 2669 216 2733 rant,
240 2665 299 2723 iam
322 2665 490 2742 coepissent
510 2664 541 2722 in
564 2663 650 2742 peius
672 2665 748 2723 verti
770 2681 804 2723 ac
819 2664 933 2725 destrui
956 2669 985 2723 et
1004 2671 1156 2742 postremo
1172 2668 1256 2743 quasi

134 2765 223 2826 sedes
253 2771 353 2826 essent
380 2767 512 2826 omnium
541 2763 696 2825 malorum.
747 2764 833 2836 Quod
866 2765 1014 2842 quomodo
1046 2767 1157 2828 iactum
1191 2769 1255 2830 esti

135 2865 291 2939 Quomodo
314 2867 426 2936 evenit,
451 2874 566 2927 utnon
593 2865 689 2927 solum
712 2866 856 2927 Graecam
885 2865 965 2926 urbis
986 2865 1112 2928 Romani
1139 2876 1255 2947 partem

133 2967 253 3049 pridem
276 2973 456 3038 emortuam,
482 2967 534 3028 sed
557 2969 650 3047 ipsius
673 2966 834 3028 occidentis
856 2968 990 3027 nationes
1017 2984 1072 3046 per
1093 2966 1160 3028 lulii
1183 2969 1255 3029 Gae-

134 3072 212 3133 saris
232 3071 366 3131 instituta
389 3076 540 3148 tamquam
562 3076 681 3130 renatas
702 3070 760 3130 iam
782 3068 912 3130 secundo
927 3087 956 3147 p.
975 3066 1027 3128 ub.
1044 3069 1162 3130 saeculo
1177 3071 1255 3130 vires

134 3173 306 3252 coepissent
327 3171 474 3233 deficeret
518 3170 624 3232 Evenit
644 3171 684 3239 id,
708 3171 776 3248 quia
799 3169 854 3230 hae
878 3171 956 3230 vires
977 3188 1084 3248 parum
1106 3172 1255 3232 exercitae

135 3280 220 3344 sunt,
245 3276 313 3352 quia
335 3273 430 3335 defuit
451 3275 620 3334 institutum
643 3271 773 3334 medium
795 3273 874 3332 inter
895 3272 1055 3351 imperium
1084 3278 1114 3333 et
1137 3272 1255 3352 singula

135 3375 259 3457 oppida,
284 3375 363 3454 quod
383 3381 476 3436 totam
498 3381 728 3454 repraesentans
750 3374 933 3454 provinciam
955 3373 1053 3451 aliquo
1076 3375 1164 3436 modu
1185 3393 1255 3454 par·

136 3545 443 3556 ---———--—---

134 3652 281 3714 peretores
299 3646 451 3696 Christiani
468 3646 501 3696 de
520 3645 691 3711 accipiendis
713 3644 862 3696 honoribus
880 3645 981 3695 divinis
1004 3643 1049 3696 vel
1067 3645 1200 3710 paganis3
1224 3649 1255 3696 at

136 3748 208 3798 quae
231 3736 411 3781 secesserunt
432 3730 559 3796 negotia,
584 3745 639 3780 non
657 3730 724 3779 iuris
747 3729 796 3779 sed
814 3728 901 3779 officii
924 3743 1024 3780 caussa
1041 3729 1170 3780 videntur
1194 3744 1256 3780 esse

134 3817 275 3883 imposita.
310 3817 414 3882 Nempe
434 3831 494 3865 cum
512 3815 652 3865 destructa
670 3829 780 3879 prorsus
797 3830 827 3864 re
845 3814 1008 3879 municipali
1025 3813 1136 3879 singula
1154 3813 1257 3878 oppida

135 3904 191 3952 iam
211 3917 267 3952 non
285 3899 453 3951 sufficientia
471 3902 565 3950 essent
583 3898 832 3949 administrationis
844 3897 976 3963 publicae
993 3899 1185 3956 instrumenta,
1203 3896 1256 3946 hoc

134 3986 313 4038 instrumenti
331 3984 455 4036 officium
472 3983 583 4034 transiit
606 3983 642 4032 ed
664 3982 786 4034 concilia
808 3981 1008 4047 provincialis,
1031 3997 1103 4046 quae
1125 3980 1190 4030 inde
1207 3995 1256 4030 ne·
1323 4013 1326 4017 -

136 4071 258 4122 cessario
276 4070 389 4121 maioris
407 4070 537 4120 momenti
554 4083 636 4134 quem
655 4071 738 4118 entes
754 4070 906 4132 coeperunt
923 4081 993 4120 esse.
1018 4065 1055 4116 At
1071 4066 1106 4116 ob
1125 4065 1153 4114 id
1166 4065 1256 4130 ipsum

136 4173 220 4221 cave,
238 4156 393 4221 posteriore
412 4153 531 4205 eoncilia
551 4152 703 4204 confundas
722 4150 952 4218 emptionibus,
977 4165 1012 4200 ne
1032 4164 1065 4198 ex
1082 4149 1192 4201 illorum
1210 4163 1257 4198 ra-

135 4242 212 4292 tione
232 4240 395 4302 concludes,
415 4240 465 4290 sub
483 4237 621 4302 prioribus
638 4251 745 4301 quoque
763 4236 975 4301 imperatoribus
987 4233 1166 4299 insigniorem
1183 4234 1257 4284 inter

136 4325 387 4378 administrationis
405 4322 538 4390 publicae
560 4322 691 4372 instituta
709 4321 801 4372 locum
824 4319 977 4372 obtinuisse
1002 4317 1123 4370 concilia
1146 4319 1256 4384 provin·

137 4411 232 4462 ciclis.

984 4491 1051 4558 17*
