<?xml version="1.0" encoding="UTF-8"?>
<!DOCTYPE html PUBLIC "-//W3C//DTD XHTML 1.0 Transitional//EN"
    "http://www.w3.org/TR/xhtml1/DTD/xhtml1-transitional.dtd">
<html xmlns="http://www.w3.org/1999/xhtml" xml:lang="en" lang="en">
 <head>
  <title>
</title>
<meta http-equiv="Content-Type" content="text/html;charset=utf-8" />
  <meta name='ocr-system' content='tesseract 3.04.00' />
  <meta name='ocr-capabilities' content='ocr_page ocr_carea ocr_par ocr_line ocrx_word'/>
</head>
<body>
  <div class='ocr_page' id='page_1' title='image "./galliaenarbonen01herzgoog_0266.png"; bbox 0 0 3148 5160; ppageno 0'>
   <div class='ocr_carea' id='block_1_1' title="bbox 326 429 1054 542">
    <p class='ocr_par' dir='ltr' id='par_1_1' title="bbox 326 429 1054 542">
     <span class='ocr_line' id='line_1_1' title="bbox 326 429 1054 542; baseline -0.016 -2"><span class='ocrx_word' id='word_1_1' title='bbox 326 479 387 542; x_wconf 80' lang='lat'><strong>250</strong></span> <span class='ocrx_word' id='word_1_2' title='bbox 705 429 789 528; x_wconf 73' lang='lat' dir='ltr'><strong>roas</strong></span> <span class='ocrx_word' id='word_1_3' title='bbox 811 472 841 528; x_wconf 91' lang='lat' dir='ltr'><strong>n.</strong></span> <span class='ocrx_word' id='word_1_4' title='bbox 885 469 990 527; x_wconf 79' lang='lat' dir='ltr'><strong>crrvr</strong></span> <span class='ocrx_word' id='word_1_5' title='bbox 1013 471 1054 528; x_wconf 90' lang='lat' dir='ltr'><strong>m.</strong></span> 
     </span>
    </p>
   </div>
   <div class='ocr_carea' id='block_1_2' title="bbox 230 632 1505 4072">
    <p class='ocr_par' dir='ltr' id='par_1_2' title="bbox 256 632 1505 3772">
     <span class='ocr_line' id='line_1_2' title="bbox 256 632 1442 744; baseline -0.012 -39"><span class='ocrx_word' id='word_1_6' title='bbox 256 711 259 726; x_wconf 57' lang='grc'>,</span> <span class='ocrx_word' id='word_1_7' title='bbox 281 698 302 744; x_wconf 61' lang='grc'><strong>.</strong></span> <span class='ocrx_word' id='word_1_8' title='bbox 325 643 515 724; x_wconf 88' lang='lat' dir='ltr'><strong>compensari</strong></span> <span class='ocrx_word' id='word_1_9' title='bbox 537 641 661 702; x_wconf 83' lang='lat' dir='ltr'><strong>honore.</strong></span> <span class='ocrx_word' id='word_1_10' title='bbox 709 639 768 700; x_wconf 88' lang='lat' dir='ltr'><strong>Sed</strong></span> <span class='ocrx_word' id='word_1_11' title='bbox 790 640 821 700; x_wconf 91' lang='lat' dir='ltr'><strong>in</strong></span> <span class='ocrx_word' id='word_1_12' title='bbox 842 638 893 699; x_wconf 93' lang='lat' dir='ltr'><strong>illo</strong></span> <span class='ocrx_word' id='word_1_13' title='bbox 915 639 1025 699; x_wconf 88' lang='lat' dir='ltr'><strong>tributa</strong></span> <span class='ocrx_word' id='word_1_14' title='bbox 1049 635 1187 715; x_wconf 80' lang='lat' dir='ltr'><strong>exigendi</strong></span> <span class='ocrx_word' id='word_1_15' title='bbox 1213 651 1339 696; x_wconf 91' lang='lat' dir='ltr'><strong>munere</strong></span> <span class='ocrx_word' id='word_1_16' title='bbox 1362 632 1442 694; x_wconf 90' lang='lat' dir='ltr'><strong>nulla</strong></span> 
     </span>
     <span class='ocr_line' id='line_1_3' title="bbox 326 740 1441 821; baseline -0.008 -15"><span class='ocrx_word' id='word_1_17' title='bbox 326 754 390 809; x_wconf 91' lang='lat' dir='ltr'><strong>erat</strong></span> <span class='ocrx_word' id='word_1_18' title='bbox 417 746 584 818; x_wconf 78' lang='lat' dir='ltr'>excusatio,</span> <span class='ocrx_word' id='word_1_19' title='bbox 612 750 643 804; x_wconf 92' lang='lat' dir='ltr'><strong>et</strong></span> <span class='ocrx_word' id='word_1_20' title='bbox 670 743 813 821; x_wconf 91' lang='lat' dir='ltr'><strong>quidquid</strong></span> <span class='ocrx_word' id='word_1_21' title='bbox 841 746 979 806; x_wconf 88' lang='lat' dir='ltr'><strong>universa</strong></span> <span class='ocrx_word' id='word_1_22' title='bbox 1006 742 1056 806; x_wconf 91' lang='lat' dir='ltr'><strong>illa</strong></span> <span class='ocrx_word' id='word_1_23' title='bbox 1084 759 1241 804; x_wconf 91' lang='lat' dir='ltr'><strong>munerum</strong></span> <span class='ocrx_word' id='word_1_24' title='bbox 1266 740 1342 799; x_wconf 88' lang='lat' dir='ltr'><strong>ratio</strong></span> <span class='ocrx_word' id='word_1_25' title='bbox 1372 755 1441 816; x_wconf 90' lang='lat' dir='ltr'><strong>per·</strong></span> 
     </span>
     <span class='ocr_line' id='line_1_4' title="bbox 326 840 1440 920; baseline -0.006 -12"><span class='ocrx_word' id='word_1_26' title='bbox 326 850 403 910; x_wconf 86' lang='lat' dir='ltr'><strong>versi</strong></span> <span class='ocrx_word' id='word_1_27' title='bbox 425 847 515 908; x_wconf 92' lang='lat' dir='ltr'><strong>habet</strong></span> <span class='ocrx_word' id='word_1_28' title='bbox 538 852 567 906; x_wconf 91' lang='lat' dir='ltr'><strong>et</strong></span> <span class='ocrx_word' id='word_1_29' title='bbox 590 848 724 916; x_wconf 81' lang='lat' dir='ltr'>onerosi,</span> <span class='ocrx_word' id='word_1_30' title='bbox 747 845 804 906; x_wconf 87' lang='lat' dir='ltr'><strong>hoc</strong></span> <span class='ocrx_word' id='word_1_31' title='bbox 826 847 961 908; x_wconf 89' lang='lat' dir='ltr'><strong>instituto</strong></span> <span class='ocrx_word' id='word_1_32' title='bbox 984 847 1102 908; x_wconf 85' lang='lat' dir='ltr'><strong>noxiam</strong></span> <span class='ocrx_word' id='word_1_33' title='bbox 1131 861 1214 904; x_wconf 85' lang='lat' dir='ltr'><strong>suam</strong></span> <span class='ocrx_word' id='word_1_34' title='bbox 1244 842 1302 901; x_wconf 86' lang='lat' dir='ltr'><strong>vim</strong></span> <span class='ocrx_word' id='word_1_35' title='bbox 1329 840 1440 920; x_wconf 90' lang='lat' dir='ltr'><strong>plenis·</strong></span> 
     </span>
     <span class='ocr_line' id='line_1_5' title="bbox 325 947 1440 1025; baseline -0.007 -15"><span class='ocrx_word' id='word_1_36' title='bbox 325 951 399 1010; x_wconf 91' lang='lat' dir='ltr'><strong>sime</strong></span> <span class='ocrx_word' id='word_1_37' title='bbox 415 948 582 1010; x_wconf 81' lang='lat' dir='ltr'><strong>exercebat.</strong></span> <span class='ocrx_word' id='word_1_38' title='bbox 617 949 726 1010; x_wconf 91' lang='lat' dir='ltr'><strong>Verum</strong></span> <span class='ocrx_word' id='word_1_39' title='bbox 749 955 802 1018; x_wconf 90' lang='lat' dir='ltr'><strong>est,</strong></span> <span class='ocrx_word' id='word_1_40' title='bbox 825 965 886 1009; x_wconf 93' lang='lat' dir='ltr'><strong>non</strong></span> <span class='ocrx_word' id='word_1_41' title='bbox 908 949 960 1012; x_wconf 92' lang='lat' dir='ltr'><strong>uni</strong></span> <span class='ocrx_word' id='word_1_42' title='bbox 983 947 1070 1009; x_wconf 90' lang='lat' dir='ltr'><strong>alicui</strong></span> <span class='ocrx_word' id='word_1_43' title='bbox 1092 947 1264 1025; x_wconf 90' lang='lat' dir='ltr'><strong>impositum</strong></span> <span class='ocrx_word' id='word_1_44' title='bbox 1287 961 1354 1004; x_wconf 90' lang='lat' dir='ltr'><strong>esse</strong></span> <span class='ocrx_word' id='word_1_45' title='bbox 1376 961 1440 1002; x_wconf 91' lang='lat' dir='ltr'><strong>mu-</strong></span> 
     </span>
     <span class='ocr_line' id='line_1_6' title="bbox 324 1043 1442 1129; baseline -0.009 -17"><span class='ocrx_word' id='word_1_46' title='bbox 324 1069 380 1112; x_wconf 88' lang='lat' dir='ltr'><strong>nus</strong></span> <span class='ocrx_word' id='word_1_47' title='bbox 408 1051 549 1129; x_wconf 85' lang='lat' dir='ltr'><strong>generale</strong></span> <span class='ocrx_word' id='word_1_48' title='bbox 578 1048 792 1127; x_wconf 85' lang='lat' dir='ltr'><strong>exigendorum</strong></span> <span class='ocrx_word' id='word_1_49' title='bbox 827 1049 1022 1120; x_wconf 86' lang='lat' dir='ltr'><strong>tributorum,</strong></span> <span class='ocrx_word' id='word_1_50' title='bbox 1055 1049 1107 1110; x_wconf 90' lang='lat' dir='ltr'><strong>sed</strong></span> <span class='ocrx_word' id='word_1_51' title='bbox 1139 1046 1263 1126; x_wconf 83' lang='lat' dir='ltr'><strong>singulis</strong></span> <span class='ocrx_word' id='word_1_52' title='bbox 1296 1043 1442 1124; x_wconf 78' lang='lat' dir='ltr'>capitibus</span> 
     </span>
     <span class='ocr_line' id='line_1_7' title="bbox 324 1148 1441 1230; baseline -0.005 -18"><span class='ocrx_word' id='word_1_53' title='bbox 324 1152 433 1230; x_wconf 84' lang='lat' dir='ltr'><strong>singuli</strong></span> <span class='ocrx_word' id='word_1_54' title='bbox 449 1157 603 1212; x_wconf 79' lang='lat' dir='ltr'><strong>exactores</strong></span> <span class='ocrx_word' id='word_1_55' title='bbox 623 1149 759 1212; x_wconf 85' lang='lat' dir='ltr'><strong>videntur</strong></span> <span class='ocrx_word' id='word_1_56' title='bbox 781 1169 847 1211; x_wconf 88' lang='lat' dir='ltr'><strong>esse</strong></span> <span class='ocrx_word' id='word_1_57' title='bbox 866 1153 1028 1230; x_wconf 83' lang='lat' dir='ltr'><strong>praepositi</strong></span> <span class='ocrx_word' id='word_1_58' title='bbox 1049 1153 1180 1228; x_wconf 84' lang='lat' dir='ltr'><strong>itemque</strong></span> <span class='ocrx_word' id='word_1_59' title='bbox 1201 1166 1337 1210; x_wconf 90' lang='lat' dir='ltr'><strong>annonae</strong></span> <span class='ocrx_word' id='word_1_60' title='bbox 1362 1148 1441 1206; x_wconf 90' lang='lat' dir='ltr'><strong>varia</strong></span> 
     </span>
     <span class='ocr_line' id='line_1_8' title="bbox 324 1247 1443 1332; baseline -0.006 -18"><span class='ocrx_word' id='word_1_61' title='bbox 324 1270 434 1331; x_wconf 83' lang='lat' dir='ltr'><strong>genera</strong></span> <span class='ocrx_word' id='word_1_62' title='bbox 457 1251 594 1332; x_wconf 91' lang='lat' dir='ltr'><strong>pluribus</strong></span> <span class='ocrx_word' id='word_1_63' title='bbox 616 1253 752 1330; x_wconf 83' lang='lat' dir='ltr'><strong>persenis</strong></span> <span class='ocrx_word' id='word_1_64' title='bbox 774 1251 947 1322; x_wconf 89' lang='lat' dir='ltr'><strong>distributa,</strong></span> <span class='ocrx_word' id='word_1_65' title='bbox 971 1259 1060 1330; x_wconf 88' lang='lat' dir='ltr'><strong>atque</strong></span> <span class='ocrx_word' id='word_1_66' title='bbox 1089 1252 1268 1313; x_wconf 88' lang='lat' dir='ltr'><strong>iubebantur</strong></span> <span class='ocrx_word' id='word_1_67' title='bbox 1287 1247 1443 1329; x_wconf 90' lang='lat' dir='ltr'><strong>praesides</strong></span> 
     </span>
     <span class='ocr_line' id='line_1_9' title="bbox 323 1352 1442 1434; baseline -0.004 -20"><span class='ocrx_word' id='word_1_68' title='bbox 323 1355 544 1433; x_wconf 90' lang='lat' dir='ltr'><strong>provinciarum</strong></span> <span class='ocrx_word' id='word_1_69' title='bbox 573 1352 745 1432; x_wconf 87' lang='lat' dir='ltr'><strong>providere,</strong></span> <span class='ocrx_word' id='word_1_70' title='bbox 774 1359 808 1415; x_wconf 93' lang='lat' dir='ltr'><strong>ut</strong></span> <span class='ocrx_word' id='word_1_71' title='bbox 836 1354 998 1433; x_wconf 89' lang='lat' dir='ltr'><strong>aequaliter</strong></span> <span class='ocrx_word' id='word_1_72' title='bbox 1025 1373 1080 1434; x_wconf 91' lang='lat' dir='ltr'><strong>per</strong></span> <span class='ocrx_word' id='word_1_73' title='bbox 1107 1356 1186 1415; x_wconf 86' lang='lat' dir='ltr'><strong>vices</strong></span> <span class='ocrx_word' id='word_1_74' title='bbox 1212 1353 1442 1429; x_wconf 86' lang='lat' dir='ltr'><strong>iniungerentur</strong></span> 
     </span>
     <span class='ocr_line' id='line_1_10' title="bbox 325 1450 1442 1534; baseline -0.004 -18"><span class='ocrx_word' id='word_1_75' title='bbox 325 1471 462 1526; x_wconf 88' lang='lat' dir='ltr'><strong>munera,</strong></span> <span class='ocrx_word' id='word_1_76' title='bbox 487 1474 524 1516; x_wconf 91' lang='lat' dir='ltr'><strong>ne</strong></span> <span class='ocrx_word' id='word_1_77' title='bbox 547 1456 611 1515; x_wconf 89' lang='lat' dir='ltr'><strong>sine</strong></span> <span class='ocrx_word' id='word_1_78' title='bbox 634 1455 804 1519; x_wconf 87' lang='lat' dir='ltr'><strong>discrimine</strong></span> <span class='ocrx_word' id='word_1_79' title='bbox 826 1462 856 1516; x_wconf 92' lang='lat' dir='ltr'><strong>et</strong></span> <span class='ocrx_word' id='word_1_80' title='bbox 876 1457 1050 1534; x_wconf 83' lang='lat' dir='ltr'><strong>frequenter</strong></span> <span class='ocrx_word' id='word_1_81' title='bbox 1064 1456 1169 1517; x_wconf 89' lang='lat' dir='ltr'><strong>iisdem</strong></span> <span class='ocrx_word' id='word_1_82' title='bbox 1185 1455 1337 1534; x_wconf 89' lang='lat' dir='ltr'><strong>oppressis</strong></span> <span class='ocrx_word' id='word_1_83' title='bbox 1353 1450 1442 1513; x_wconf 89' lang='lat' dir='ltr'><strong>simul</strong></span> 
     </span>
     <span class='ocr_line' id='line_1_11' title="bbox 324 1553 1443 1636; baseline -0.001 -21"><span class='ocrx_word' id='word_1_84' title='bbox 324 1557 395 1618; x_wconf 86' lang='lat' dir='ltr'><strong>viris</strong></span> <span class='ocrx_word' id='word_1_85' title='bbox 424 1563 453 1617; x_wconf 89' lang='lat' dir='ltr'><strong>et</strong></span> <span class='ocrx_word' id='word_1_86' title='bbox 481 1556 593 1617; x_wconf 88' lang='lat' dir='ltr'><strong>viribus</strong></span> <span class='ocrx_word' id='word_1_87' title='bbox 621 1555 808 1634; x_wconf 86' lang='lat' dir='ltr'><strong>respublicae</strong></span> <span class='ocrx_word' id='word_1_88' title='bbox 836 1553 1130 1636; x_wconf 71' lang='lat' dir='ltr'><strong>destituerentur³²l‚</strong></span> <span class='ocrx_word' id='word_1_89' title='bbox 1161 1564 1191 1618; x_wconf 90' lang='lat' dir='ltr'><strong>at</strong></span> <span class='ocrx_word' id='word_1_90' title='bbox 1217 1573 1275 1634; x_wconf 92' lang='lat' dir='ltr'><strong>qno</strong></span> <span class='ocrx_word' id='word_1_91' title='bbox 1303 1553 1443 1634; x_wconf 93' lang='lat' dir='ltr'><strong>pluribus</strong></span> 
     </span>
     <span class='ocr_line' id='line_1_12' title="bbox 324 1657 1441 1738; baseline -0.003 -20"><span class='ocrx_word' id='word_1_92' title='bbox 324 1659 430 1729; x_wconf 85' lang='lat' dir='ltr'><strong>divisa,</strong></span> <span class='ocrx_word' id='word_1_93' title='bbox 457 1676 492 1718; x_wconf 89' lang='lat' dir='ltr'><strong>eo</strong></span> <span class='ocrx_word' id='word_1_94' title='bbox 514 1657 584 1738; x_wconf 91' lang='lat' dir='ltr'><strong>plus</strong></span> <span class='ocrx_word' id='word_1_95' title='bbox 607 1657 707 1718; x_wconf 90' lang='lat' dir='ltr'><strong>damni</strong></span> <span class='ocrx_word' id='word_1_96' title='bbox 728 1659 897 1720; x_wconf 77' lang='lat' dir='ltr'><strong>inferebant</strong></span> <span class='ocrx_word' id='word_1_97' title='bbox 918 1678 952 1720; x_wconf 92' lang='lat' dir='ltr'><strong>ea</strong></span> <span class='ocrx_word' id='word_1_98' title='bbox 975 1677 1067 1721; x_wconf 91' lang='lat' dir='ltr'><strong>onera</strong></span> <span class='ocrx_word' id='word_1_99' title='bbox 1089 1660 1319 1738; x_wconf 88' lang='lat' dir='ltr'><strong>municipiorum</strong></span> <span class='ocrx_word' id='word_1_100' title='bbox 1342 1657 1441 1723; x_wconf 84' lang='lat' dir='ltr'><strong>statui,</strong></span> 
     </span>
     <span class='ocr_line' id='line_1_13' title="bbox 325 1759 1441 1840; baseline -0.004 -19"><span class='ocrx_word' id='word_1_101' title='bbox 325 1759 377 1821; x_wconf 92' lang='lat' dir='ltr'><strong>nbi</strong></span> <span class='ocrx_word' id='word_1_102' title='bbox 398 1761 529 1840; x_wconf 91' lang='lat' dir='ltr'><strong>primum</strong></span> <span class='ocrx_word' id='word_1_103' title='bbox 552 1761 686 1837; x_wconf 84' lang='lat' dir='ltr'><strong>graviora</strong></span> <span class='ocrx_word' id='word_1_104' title='bbox 710 1768 872 1840; x_wconf 88' lang='lat' dir='ltr'><strong>coeperant</strong></span> <span class='ocrx_word' id='word_1_105' title='bbox 894 1779 960 1822; x_wconf 91' lang='lat' dir='ltr'><strong>esse</strong></span> <span class='ocrx_word' id='word_1_106' title='bbox 988 1779 1076 1839; x_wconf 83' lang='lat' dir='ltr'><strong>quam</strong></span> <span class='ocrx_word' id='word_1_107' title='bbox 1105 1778 1181 1839; x_wconf 91' lang='lat' dir='ltr'><strong>quae</strong></span> <span class='ocrx_word' id='word_1_108' title='bbox 1208 1765 1332 1839; x_wconf 89' lang='lat' dir='ltr'><strong>possent</strong></span> <span class='ocrx_word' id='word_1_109' title='bbox 1360 1776 1441 1818; x_wconf 91' lang='lat' dir='ltr'><strong>com-</strong></span> 
     </span>
     <span class='ocr_line' id='line_1_14' title="bbox 324 1843 1443 1938; baseline -0.004 -15"><span class='ocrx_word' id='word_1_110' title='bbox 324 1861 412 1923; x_wconf 91' lang='lat' dir='ltr'><strong>mode</strong></span> <span class='ocrx_word' id='word_1_111' title='bbox 435 1863 585 1924; x_wconf 88' lang='lat' dir='ltr'><strong>sustineri.</strong></span> <span class='ocrx_word' id='word_1_112' title='bbox 630 1861 691 1922; x_wconf 94' lang='lat' dir='ltr'><strong>lam</strong></span> <span class='ocrx_word' id='word_1_113' title='bbox 715 1880 784 1923; x_wconf 90' lang='lat' dir='ltr'><strong>vero</strong></span> <span class='ocrx_word' id='word_1_114' title='bbox 807 1843 881 1923; x_wconf 87' lang='lat' dir='ltr'><strong>adde</strong></span> <span class='ocrx_word' id='word_1_115' title='bbox 904 1863 1080 1924; x_wconf 90' lang='lat' dir='ltr'><strong>muneribus</strong></span> <span class='ocrx_word' id='word_1_116' title='bbox 1102 1881 1184 1923; x_wconf 90' lang='lat' dir='ltr'><strong>mere</strong></span> <span class='ocrx_word' id='word_1_117' title='bbox 1211 1859 1443 1938; x_wconf 87' lang='lat' dir='ltr'><strong>municipalibus</strong></span> 
     </span>
     <span class='ocr_line' id='line_1_15' title="bbox 325 1963 1442 2042; baseline -0.003 -18"><span class='ocrx_word' id='word_1_118' title='bbox 325 1971 354 2024; x_wconf 91' lang='lat' dir='ltr'><strong>et</strong></span> <span class='ocrx_word' id='word_1_119' title='bbox 382 1965 499 2025; x_wconf 91' lang='lat' dir='ltr'><strong>muneri</strong></span> <span class='ocrx_word' id='word_1_120' title='bbox 526 1963 740 2042; x_wconf 83' lang='lat' dir='ltr'><strong>exigendorum</strong></span> <span class='ocrx_word' id='word_1_121' title='bbox 763 1965 942 2027; x_wconf 89' lang='lat' dir='ltr'><strong>tributorum</strong></span> <span class='ocrx_word' id='word_1_122' title='bbox 963 1965 1182 2028; x_wconf 86' lang='lat' dir='ltr'><strong>multitudinem</strong></span> <span class='ocrx_word' id='word_1_123' title='bbox 1203 1981 1362 2026; x_wconf 88' lang='lat' dir='ltr'><strong>munerum</strong></span> <span class='ocrx_word' id='word_1_124' title='bbox 1386 1979 1442 2040; x_wconf 92' lang='lat' dir='ltr'><strong>pu·</strong></span> 
     </span>
     <span class='ocr_line' id='line_1_16' title="bbox 324 2064 1442 2148; baseline 0 -23"><span class='ocrx_word' id='word_1_125' title='bbox 324 2065 471 2127; x_wconf 88' lang='lat' dir='ltr'><strong>blicorum</strong></span> <span class='ocrx_word' id='word_1_126' title='bbox 494 2073 524 2126; x_wconf 90' lang='lat' dir='ltr'><strong>et</strong></span> <span class='ocrx_word' id='word_1_127' title='bbox 544 2083 693 2144; x_wconf 88' lang='lat' dir='ltr'><strong>personae</strong></span> <span class='ocrx_word' id='word_1_128' title='bbox 709 2074 738 2128; x_wconf 92' lang='lat' dir='ltr'><strong>et</strong></span> <span class='ocrx_word' id='word_1_129' title='bbox 753 2069 938 2148; x_wconf 91' lang='lat' dir='ltr'><strong>patrimonii,</strong></span> <span class='ocrx_word' id='word_1_130' title='bbox 961 2070 1122 2130; x_wconf 87' lang='lat' dir='ltr'><strong>iniunctam</strong></span> <span class='ocrx_word' id='word_1_131' title='bbox 1142 2064 1368 2146; x_wconf 88' lang='lat' dir='ltr'><strong>possessoribus</strong></span> <span class='ocrx_word' id='word_1_132' title='bbox 1382 2065 1442 2125; x_wconf 87' lang='lat' dir='ltr'><strong>via·</strong></span> 
     </span>
     <span class='ocr_line' id='line_1_17' title="bbox 323 2169 1442 2248; baseline -0.001 -21"><span class='ocrx_word' id='word_1_133' title='bbox 323 2186 391 2228; x_wconf 88' lang='lat' dir='ltr'><strong>rum</strong></span> <span class='ocrx_word' id='word_1_134' title='bbox 415 2169 625 2238; x_wconf 88' lang='lat' dir='ltr'><strong>munitionem,</strong></span> <span class='ocrx_word' id='word_1_135' title='bbox 649 2169 876 2248; x_wconf 88' lang='lat' dir='ltr'><strong>productionem</strong></span> <span class='ocrx_word' id='word_1_136' title='bbox 898 2171 1029 2231; x_wconf 90' lang='lat' dir='ltr'><strong>tironum</strong></span> <span class='ocrx_word' id='word_1_137' title='bbox 1045 2171 1105 2230; x_wconf 89' lang='lat' dir='ltr'><strong>sive</strong></span> <span class='ocrx_word' id='word_1_138' title='bbox 1120 2187 1281 2248; x_wconf 88' lang='lat' dir='ltr'><strong>equorum,</strong></span> <span class='ocrx_word' id='word_1_139' title='bbox 1304 2186 1356 2228; x_wconf 88' lang='lat' dir='ltr'><strong>res</strong></span> <span class='ocrx_word' id='word_1_140' title='bbox 1372 2185 1442 2247; x_wconf 87' lang='lat' dir='ltr'><strong>pcr-</strong></span> 
     </span>
     <span class='ocr_line' id='line_1_18' title="bbox 326 2267 1443 2350; baseline 0.002 -23"><span class='ocrx_word' id='word_1_141' title='bbox 326 2267 489 2338; x_wconf 85' lang='lat' dir='ltr'><strong>vehendas‚</strong></span> <span class='ocrx_word' id='word_1_142' title='bbox 519 2269 652 2349; x_wconf 87' lang='lat' dir='ltr'><strong>hospites</strong></span> <span class='ocrx_word' id='word_1_143' title='bbox 680 2270 799 2350; x_wconf 88' lang='lat' dir='ltr'><strong>publice</strong></span> <span class='ocrx_word' id='word_1_144' title='bbox 827 2271 1030 2348; x_wconf 86' lang='lat' dir='ltr'><strong>recipiendos,</strong></span> <span class='ocrx_word' id='word_1_145' title='bbox 1060 2269 1169 2332; x_wconf 84' lang='lat' dir='ltr'><strong>auxilia</strong></span> <span class='ocrx_word' id='word_1_146' title='bbox 1198 2271 1294 2331; x_wconf 90' lang='lat' dir='ltr'><strong>omnis</strong></span> <span class='ocrx_word' id='word_1_147' title='bbox 1321 2270 1443 2348; x_wconf 78' lang='lat' dir='ltr'><strong>generis</strong></span> 
     </span>
     <span class='ocr_line' id='line_1_19' title="bbox 324 2370 1442 2452; baseline 0 -22"><span class='ocrx_word' id='word_1_148' title='bbox 324 2370 506 2433; x_wconf 85' lang='lat' dir='ltr'><strong>exercitibus</strong></span> <span class='ocrx_word' id='word_1_149' title='bbox 533 2389 588 2450; x_wconf 88' lang='lat' dir='ltr'><strong>per</strong></span> <span class='ocrx_word' id='word_1_150' title='bbox 614 2373 782 2450; x_wconf 90' lang='lat' dir='ltr'><strong>provincias</strong></span> <span class='ocrx_word' id='word_1_151' title='bbox 812 2371 1068 2451; x_wconf 87' lang='lat' dir='ltr'><strong>proficiscentibus</strong></span> <span class='ocrx_word' id='word_1_152' title='bbox 1103 2371 1280 2452; x_wconf 88' lang='lat' dir='ltr'><strong>praestanda</strong></span> <span class='ocrx_word' id='word_1_153' title='bbox 1309 2379 1337 2431; x_wconf 86' lang='lat' dir='ltr'><strong>et</strong></span> <span class='ocrx_word' id='word_1_154' title='bbox 1365 2389 1442 2448; x_wconf 90' lang='lat' dir='ltr'><strong>quae</strong></span> 
     </span>
     <span class='ocr_line' id='line_1_20' title="bbox 323 2471 1441 2551; baseline 0 -19"><span class='ocrx_word' id='word_1_155' title='bbox 323 2471 380 2532; x_wconf 93' lang='lat' dir='ltr'><strong>alia</strong></span> <span class='ocrx_word' id='word_1_156' title='bbox 404 2471 550 2534; x_wconf 89' lang='lat' dir='ltr'><strong>eiusmodi</strong></span> <span class='ocrx_word' id='word_1_157' title='bbox 570 2473 602 2532; x_wconf 88' lang='lat' dir='ltr'><strong>in</strong></span> <span class='ocrx_word' id='word_1_158' title='bbox 625 2471 711 2532; x_wconf 93' lang='lat' dir='ltr'><strong>titulo</strong></span> <span class='ocrx_word' id='word_1_159' title='bbox 733 2472 783 2533; x_wconf 90' lang='lat' dir='ltr'><strong>illo</strong></span> <span class='ocrx_word' id='word_1_160' title='bbox 806 2474 996 2551; x_wconf 77' lang='lat' dir='ltr'><strong>Digestorum</strong></span> <span class='ocrx_word' id='word_1_161' title='bbox 1024 2473 1062 2534; x_wconf 91' lang='lat' dir='ltr'><strong>de</strong></span> <span class='ocrx_word' id='word_1_162' title='bbox 1084 2473 1260 2534; x_wconf 89' lang='lat' dir='ltr'><strong>muneribus</strong></span> <span class='ocrx_word' id='word_1_163' title='bbox 1288 2479 1319 2532; x_wconf 91' lang='lat' dir='ltr'><strong>et</strong></span> <span class='ocrx_word' id='word_1_164' title='bbox 1346 2471 1441 2532; x_wconf 93' lang='lat' dir='ltr'><strong>hono·</strong></span> 
     </span>
     <span class='ocr_line' id='line_1_21' title="bbox 323 2571 1441 2654; baseline 0 -20"><span class='ocrx_word' id='word_1_165' title='bbox 323 2572 407 2634; x_wconf 88' lang='lat' dir='ltr'><strong>ribus</strong></span> <span class='ocrx_word' id='word_1_166' title='bbox 431 2573 491 2654; x_wconf 89' lang='lat'><strong>(50,</strong></span> <span class='ocrx_word' id='word_1_167' title='bbox 516 2571 545 2651; x_wconf 90' lang='grc'><strong>4)</strong></span> <span class='ocrx_word' id='word_1_168' title='bbox 569 2579 780 2643; x_wconf 87' lang='lat' dir='ltr'><strong>recensentur,</strong></span> <span class='ocrx_word' id='word_1_169' title='bbox 805 2573 977 2645; x_wconf 88' lang='lat' dir='ltr'><strong>considera,</strong></span> <span class='ocrx_word' id='word_1_170' title='bbox 1006 2575 1086 2652; x_wconf 91' lang='lat' dir='ltr'><strong>quod</strong></span> <span class='ocrx_word' id='word_1_171' title='bbox 1114 2574 1188 2634; x_wconf 88' lang='lat' dir='ltr'><strong>haee</strong></span> <span class='ocrx_word' id='word_1_172' title='bbox 1216 2575 1315 2635; x_wconf 91' lang='lat' dir='ltr'><strong>omnia</strong></span> <span class='ocrx_word' id='word_1_173' title='bbox 1343 2575 1441 2654; x_wconf 89' lang='lat' dir='ltr'><strong>primo</strong></span> 
     </span>
     <span class='ocr_line' id='line_1_22' title="bbox 323 2672 1440 2756; baseline 0.004 -24"><span class='ocrx_word' id='word_1_174' title='bbox 323 2673 389 2735; x_wconf 88' lang='lat' dir='ltr'><strong>loco</strong></span> <span class='ocrx_word' id='word_1_175' title='bbox 413 2672 590 2755; x_wconf 88' lang='lat' dir='ltr'><strong>premebant</strong></span> <span class='ocrx_word' id='word_1_176' title='bbox 612 2673 804 2754; x_wconf 82' lang='lat' dir='ltr'><strong>decuriones,</strong></span> <span class='ocrx_word' id='word_1_177' title='bbox 828 2676 923 2753; x_wconf 92' lang='lat' dir='ltr'><strong>quod,</strong></span> <span class='ocrx_word' id='word_1_178' title='bbox 947 2683 1105 2755; x_wconf 88' lang='lat' dir='ltr'><strong>postquam</strong></span> <span class='ocrx_word' id='word_1_179' title='bbox 1126 2677 1292 2738; x_wconf 88' lang='lat' dir='ltr'><strong>ditissimus</strong></span> <span class='ocrx_word' id='word_1_180' title='bbox 1315 2677 1440 2756; x_wconf 88' lang='lat' dir='ltr'><strong>quisque</strong></span> 
     </span>
     <span class='ocr_line' id='line_1_23' title="bbox 323 2774 1441 2857; baseline 0.002 -22"><span class='ocrx_word' id='word_1_181' title='bbox 323 2775 359 2835; x_wconf 89' lang='lat' dir='ltr'><strong>ad</strong></span> <span class='ocrx_word' id='word_1_182' title='bbox 389 2775 519 2836; x_wconf 89' lang='lat' dir='ltr'><strong>honores</strong></span> <span class='ocrx_word' id='word_1_183' title='bbox 547 2774 677 2836; x_wconf 91' lang='lat' dir='ltr'><strong>urbanos</strong></span> <span class='ocrx_word' id='word_1_184' title='bbox 704 2784 860 2856; x_wconf 89' lang='lat' dir='ltr'><strong>promotus</strong></span> <span class='ocrx_word' id='word_1_185' title='bbox 891 2778 927 2838; x_wconf 92' lang='lat' dir='ltr'><strong>ab</strong></span> <span class='ocrx_word' id='word_1_186' title='bbox 963 2777 1105 2840; x_wconf 89' lang='lat' dir='ltr'><strong>oneribus</strong></span> <span class='ocrx_word' id='word_1_187' title='bbox 1133 2777 1365 2857; x_wconf 89' lang='lat' dir='ltr'><strong>municipalibus</strong></span> <span class='ocrx_word' id='word_1_188' title='bbox 1399 2783 1441 2837; x_wconf 86' lang='lat' dir='ltr'><strong>est</strong></span> 
     </span>
     <span class='ocr_line' id='line_1_24' title="bbox 325 2878 1438 2957; baseline 0.001 -20"><span class='ocrx_word' id='word_1_189' title='bbox 325 2883 495 2956; x_wconf 89' lang='lat' dir='ltr'><strong>exemptus,</strong></span> <span class='ocrx_word' id='word_1_190' title='bbox 519 2895 664 2938; x_wconf 90' lang='lat' dir='ltr'><strong>numerus</strong></span> <span class='ocrx_word' id='word_1_191' title='bbox 687 2897 791 2939; x_wconf 92' lang='lat' dir='ltr'><strong>eorum</strong></span> <span class='ocrx_word' id='word_1_192' title='bbox 815 2881 865 2957; x_wconf 92' lang='lat' dir='ltr'><strong>qui</strong></span> <span class='ocrx_word' id='word_1_193' title='bbox 888 2879 1064 2940; x_wconf 89' lang='lat' dir='ltr'><strong>muneribus</strong></span> <span class='ocrx_word' id='word_1_194' title='bbox 1093 2878 1214 2956; x_wconf 79' lang='lat' dir='ltr'><strong>obligati</strong></span> <span class='ocrx_word' id='word_1_195' title='bbox 1237 2887 1325 2940; x_wconf 87' lang='lat' dir='ltr'><strong>erant</strong></span> <span class='ocrx_word' id='word_1_196' title='bbox 1343 2881 1438 2940; x_wconf 88' lang='lat' dir='ltr'><strong>immi-</strong></span> 
     </span>
     <span class='ocr_line' id='line_1_25' title="bbox 323 2978 1437 3061; baseline 0 -21"><span class='ocrx_word' id='word_1_197' title='bbox 323 2985 413 3040; x_wconf 90' lang='lat' dir='ltr'><strong>nutus</strong></span> <span class='ocrx_word' id='word_1_198' title='bbox 437 2984 482 3039; x_wconf 89' lang='lat' dir='ltr'><strong>est</strong></span> <span class='ocrx_word' id='word_1_199' title='bbox 504 2978 608 3039; x_wconf 93' lang='lat' dir='ltr'><strong>eodem</strong></span> <span class='ocrx_word' id='word_1_200' title='bbox 631 2986 781 3058; x_wconf 89' lang='lat' dir='ltr'><strong>tempore,</strong></span> <span class='ocrx_word' id='word_1_201' title='bbox 806 2999 864 3060; x_wconf 93' lang='lat' dir='ltr'><strong>quo</strong></span> <span class='ocrx_word' id='word_1_202' title='bbox 888 2988 975 3042; x_wconf 86' lang='lat' dir='ltr'><strong>aucto</strong></span> <span class='ocrx_word' id='word_1_203' title='bbox 999 2988 1123 3042; x_wconf 87' lang='lat' dir='ltr'><strong>externo</strong></span> <span class='ocrx_word' id='word_1_204' title='bbox 1138 2979 1318 3060; x_wconf 81' lang='lat' dir='ltr'><strong>oppidorum</strong></span> <span class='ocrx_word' id='word_1_205' title='bbox 1341 2982 1437 3061; x_wconf 88' lang='lat' dir='ltr'><strong>splen·</strong></span> 
     </span>
     <span class='ocr_line' id='line_1_26' title="bbox 324 3079 1505 3161; baseline -0.001 -20"><span class='ocrx_word' id='word_1_206' title='bbox 324 3080 397 3141; x_wconf 90' lang='lat' dir='ltr'><strong>dore</strong></span> <span class='ocrx_word' id='word_1_207' title='bbox 424 3099 478 3159; x_wconf 91' lang='lat' dir='ltr'><strong>per</strong></span> <span class='ocrx_word' id='word_1_208' title='bbox 511 3079 650 3142; x_wconf 87' lang='lat' dir='ltr'><strong>ludorum</strong></span> <span class='ocrx_word' id='word_1_209' title='bbox 682 3090 856 3161; x_wconf 87' lang='lat' dir='ltr'><strong>apparatum</strong></span> <span class='ocrx_word' id='word_1_210' title='bbox 885 3101 977 3143; x_wconf 89' lang='lat' dir='ltr'><strong>onera</strong></span> <span class='ocrx_word' id='word_1_211' title='bbox 1010 3082 1059 3144; x_wconf 92' lang='lat' dir='ltr'><strong>illa</strong></span> <span class='ocrx_word' id='word_1_212' title='bbox 1085 3085 1309 3152; x_wconf 88' lang='lat' dir='ltr'><strong>increscerent,</strong></span> <span class='ocrx_word' id='word_1_213' title='bbox 1344 3099 1438 3161; x_wconf 91' lang='lat' dir='ltr'><strong>neque</strong></span> <span class='ocrx_word' id='word_1_214' title='bbox 1502 3125 1505 3128; x_wconf 84' lang='lat'><em>-</em></span> 
     </span>
     <span class='ocr_line' id='line_1_27' title="bbox 322 3178 1436 3260; baseline 0.003 -20"><span class='ocrx_word' id='word_1_215' title='bbox 322 3183 381 3240; x_wconf 88' lang='lat' dir='ltr'><strong>iarn</strong></span> <span class='ocrx_word' id='word_1_216' title='bbox 404 3182 537 3250; x_wconf 89' lang='lat' dir='ltr'><strong>mireris,</strong></span> <span class='ocrx_word' id='word_1_217' title='bbox 562 3181 639 3259; x_wconf 93' lang='lat' dir='ltr'><strong>quod</strong></span> <span class='ocrx_word' id='word_1_218' title='bbox 663 3185 720 3244; x_wconf 89' lang='lat' dir='ltr'><strong>lam</strong></span> <span class='ocrx_word' id='word_1_219' title='bbox 744 3184 864 3245; x_wconf 87' lang='lat' dir='ltr'><strong>Traiani</strong></span> <span class='ocrx_word' id='word_1_220' title='bbox 886 3190 982 3245; x_wconf 91' lang='lat' dir='ltr'><strong>aetate</strong></span> <span class='ocrx_word' id='word_1_221' title='bbox 1004 3185 1088 3245; x_wconf 84' lang='lat' dir='ltr'><strong>inviti</strong></span> <span class='ocrx_word' id='word_1_222' title='bbox 1108 3185 1184 3245; x_wconf 86' lang='lat' dir='ltr'><strong>liunt</strong></span> <span class='ocrx_word' id='word_1_223' title='bbox 1206 3178 1436 3260; x_wconf 80' lang='lat' dir='ltr'><strong>decuriones³³)‚</strong></span> 
     </span>
     <span class='ocr_line' id='line_1_28' title="bbox 323 3279 1437 3364; baseline 0.001 -21"><span class='ocrx_word' id='word_1_224' title='bbox 323 3281 403 3360; x_wconf 93' lang='lat' dir='ltr'><strong>quod</strong></span> <span class='ocrx_word' id='word_1_225' title='bbox 420 3282 536 3361; x_wconf 88' lang='lat' dir='ltr'><strong>Ulpiani</strong></span> <span class='ocrx_word' id='word_1_226' title='bbox 560 3289 694 3363; x_wconf 88' lang='lat' dir='ltr'><strong>tempore</strong></span> <span class='ocrx_word' id='word_1_227' title='bbox 718 3304 778 3346; x_wconf 93' lang='lat' dir='ltr'><strong>non</strong></span> <span class='ocrx_word' id='word_1_228' title='bbox 793 3293 952 3364; x_wconf 91' lang='lat' dir='ltr'><strong>petuntur,</strong></span> <span class='ocrx_word' id='word_1_229' title='bbox 969 3285 1021 3346; x_wconf 92' lang='lat' dir='ltr'><strong>sed</strong></span> <span class='ocrx_word' id='word_1_230' title='bbox 1036 3287 1233 3364; x_wconf 82' lang='lat' dir='ltr'><strong>iniunguntur</strong></span> <span class='ocrx_word' id='word_1_231' title='bbox 1252 3279 1437 3360; x_wconf 55' lang='lat' dir='ltr'><strong>honor-esd),</strong></span> 
     </span>
     <span class='ocr_line' id='line_1_29' title="bbox 324 3383 1437 3466; baseline 0.001 -23"><span class='ocrx_word' id='word_1_232' title='bbox 324 3383 402 3461; x_wconf 93' lang='lat' dir='ltr'><strong>quod</strong></span> <span class='ocrx_word' id='word_1_233' title='bbox 425 3385 493 3461; x_wconf 83' lang='lat' dir='ltr'><strong>luga</strong></span> <span class='ocrx_word' id='word_1_234' title='bbox 516 3403 690 3455; x_wconf 91' lang='lat' dir='ltr'><strong>munerum,</strong></span> <span class='ocrx_word' id='word_1_235' title='bbox 714 3388 784 3465; x_wconf 85' lang='lat' dir='ltr'><strong>luga</strong></span> <span class='ocrx_word' id='word_1_236' title='bbox 807 3387 1018 3449; x_wconf 89' lang='lat' dir='ltr'><strong>decurionatus</strong></span> <span class='ocrx_word' id='word_1_237' title='bbox 1040 3387 1266 3465; x_wconf 91' lang='lat' dir='ltr'><strong>honorumque,</strong></span> <span class='ocrx_word' id='word_1_238' title='bbox 1296 3389 1365 3466; x_wconf 82' lang='lat' dir='ltr'><strong>luga</strong></span> <span class='ocrx_word' id='word_1_239' title='bbox 1385 3385 1437 3444; x_wconf 90' lang='lat' dir='ltr'><strong>de·</strong></span> 
     </span>
     <span class='ocr_line' id='line_1_30' title="bbox 323 3486 1439 3569; baseline -0.001 -23"><span class='ocrx_word' id='word_1_240' title='bbox 323 3486 413 3564; x_wconf 90' lang='lat' dir='ltr'><strong>nique</strong></span> <span class='ocrx_word' id='word_1_241' title='bbox 440 3487 575 3566; x_wconf 92' lang='lat' dir='ltr'><strong>ipsorum</strong></span> <span class='ocrx_word' id='word_1_242' title='bbox 603 3489 865 3566; x_wconf 89' lang='lat' dir='ltr'><strong>patrimoniorum,</strong></span> <span class='ocrx_word' id='word_1_243' title='bbox 896 3496 928 3549; x_wconf 88' lang='lat' dir='ltr'><strong>ut</strong></span> <span class='ocrx_word' id='word_1_244' title='bbox 955 3489 1062 3569; x_wconf 91' lang='lat' dir='ltr'><strong>quibus</strong></span> <span class='ocrx_word' id='word_1_245' title='bbox 1091 3489 1285 3550; x_wconf 88' lang='lat' dir='ltr'><strong>inhaererent</strong></span> <span class='ocrx_word' id='word_1_246' title='bbox 1316 3505 1439 3550; x_wconf 87' lang='lat' dir='ltr'><strong>munera</strong></span> 
     </span>
     <span class='ocr_line' id='line_1_31' title="bbox 323 3586 1442 3670; baseline 0.001 -24"><span class='ocrx_word' id='word_1_247' title='bbox 323 3586 528 3665; x_wconf 88' lang='lat' dir='ltr'><strong>honoresque,</strong></span> <span class='ocrx_word' id='word_1_248' title='bbox 565 3591 695 3666; x_wconf 85' lang='lat' dir='ltr'><strong>grassari</strong></span> <span class='ocrx_word' id='word_1_249' title='bbox 728 3591 826 3669; x_wconf 89' lang='lat' dir='ltr'><strong>coepit</strong></span> <span class='ocrx_word' id='word_1_250' title='bbox 859 3609 915 3670; x_wconf 90' lang='lat' dir='ltr'><strong>per</strong></span> <span class='ocrx_word' id='word_1_251' title='bbox 947 3592 1115 3670; x_wconf 86' lang='lat' dir='ltr'><strong>municipia.</strong></span> <span class='ocrx_word' id='word_1_252' title='bbox 1173 3589 1263 3651; x_wconf 86' lang='lat' dir='ltr'><strong>Certo</strong></span> <span class='ocrx_word' id='word_1_253' title='bbox 1301 3608 1375 3670; x_wconf 90' lang='lat' dir='ltr'><strong>quae</strong></span> <span class='ocrx_word' id='word_1_254' title='bbox 1405 3595 1442 3648; x_wconf 87' lang='lat' dir='ltr'><strong>et</strong></span> 
     </span>
     <span class='ocr_line' id='line_1_32' title="bbox 323 3689 1439 3772; baseline 0.001 -24"><span class='ocrx_word' id='word_1_255' title='bbox 323 3689 413 3748; x_wconf 89' lang='lat' dir='ltr'><strong>totius</strong></span> <span class='ocrx_word' id='word_1_256' title='bbox 435 3690 554 3767; x_wconf 91' lang='lat' dir='ltr'><strong>imperii</strong></span> <span class='ocrx_word' id='word_1_257' title='bbox 577 3697 606 3750; x_wconf 91' lang='lat' dir='ltr'><strong>et</strong></span> <span class='ocrx_word' id='word_1_258' title='bbox 628 3691 814 3769; x_wconf 83' lang='lat' dir='ltr'><strong>singulorum</strong></span> <span class='ocrx_word' id='word_1_259' title='bbox 837 3692 1015 3772; x_wconf 91' lang='lat' dir='ltr'><strong>oppidorum</strong></span> <span class='ocrx_word' id='word_1_260' title='bbox 1038 3691 1189 3770; x_wconf 84' lang='lat' dir='ltr'><strong>flagitabat</strong></span> <span class='ocrx_word' id='word_1_261' title='bbox 1210 3691 1439 3760; x_wconf 86' lang='lat' dir='ltr'><strong>administratio,</strong></span> 
     </span>
    </p>

    <p class='ocr_par' dir='ltr' id='par_1_3' title="bbox 230 3789 1445 4072">
     <span class='ocr_line' id='line_1_33' title="bbox 230 3789 1443 3874; baseline 0.004 -27"><span class='ocrx_word' id='word_1_262' title='bbox 230 3823 233 3830; x_wconf 94' lang='lat'>·</span> <span class='ocrx_word' id='word_1_263' title='bbox 323 3807 357 3848; x_wconf 92' lang='lat' dir='ltr'><strong>ea</strong></span> <span class='ocrx_word' id='word_1_264' title='bbox 379 3789 435 3850; x_wconf 92' lang='lat' dir='ltr'><strong>sub</strong></span> <span class='ocrx_word' id='word_1_265' title='bbox 456 3790 543 3851; x_wconf 91' lang='lat' dir='ltr'><strong>bonis</strong></span> <span class='ocrx_word' id='word_1_266' title='bbox 565 3792 751 3870; x_wconf 88' lang='lat' dir='ltr'><strong>principibus</strong></span> <span class='ocrx_word' id='word_1_267' title='bbox 781 3801 811 3854; x_wconf 90' lang='lat' dir='ltr'><strong>et</strong></span> <span class='ocrx_word' id='word_1_268' title='bbox 836 3795 867 3853; x_wconf 93' lang='lat' dir='ltr'><strong>in</strong></span> <span class='ocrx_word' id='word_1_269' title='bbox 895 3801 1001 3873; x_wconf 89' lang='lat' dir='ltr'><strong>pacato</strong></span> <span class='ocrx_word' id='word_1_270' title='bbox 1028 3812 1155 3874; x_wconf 90' lang='lat' dir='ltr'><strong>prorsus</strong></span> <span class='ocrx_word' id='word_1_271' title='bbox 1182 3795 1323 3874; x_wconf 89' lang='lat' dir='ltr'><strong>imperio,</strong></span> <span class='ocrx_word' id='word_1_272' title='bbox 1351 3792 1443 3854; x_wconf 88' lang='lat' dir='ltr'><strong>cuius</strong></span> 
     </span>
     <span class='ocr_line' id='line_1_34' title="bbox 232 3893 1444 3974; baseline 0.003 -24"><span class='ocrx_word' id='word_1_273' title='bbox 232 3921 236 3932; x_wconf 92' lang='lat'><em>·</em></span> <span class='ocrx_word' id='word_1_274' title='bbox 323 3893 470 3952; x_wconf 86' lang='lat' dir='ltr'><strong>exercitus</strong></span> <span class='ocrx_word' id='word_1_275' title='bbox 486 3894 592 3954; x_wconf 86' lang='lat' dir='ltr'><strong>sicum</strong></span> <span class='ocrx_word' id='word_1_276' title='bbox 605 3900 725 3954; x_wconf 89' lang='lat' dir='ltr'><strong>nostrae</strong></span> <span class='ocrx_word' id='word_1_277' title='bbox 741 3896 845 3956; x_wconf 89' lang='lat' dir='ltr'><strong>aetatis</strong></span> <span class='ocrx_word' id='word_1_278' title='bbox 862 3896 957 3974; x_wconf 87' lang='lat' dir='ltr'><strong>copiis</strong></span> <span class='ocrx_word' id='word_1_279' title='bbox 972 3894 1150 3958; x_wconf 87' lang='lat' dir='ltr'><strong>militaribus</strong></span> <span class='ocrx_word' id='word_1_280' title='bbox 1161 3897 1281 3957; x_wconf 86' lang='lat' dir='ltr'><strong>coniers</strong></span> <span class='ocrx_word' id='word_1_281' title='bbox 1292 3897 1337 3954; x_wconf 82' lang='lat' dir='ltr'><strong>vir</strong></span> <span class='ocrx_word' id='word_1_282' title='bbox 1349 3893 1444 3954; x_wconf 90' lang='lat' dir='ltr'><strong>nimis</strong></span> 
     </span>
     <span class='ocr_line' id='line_1_35' title="bbox 322 3992 1445 4072; baseline 0.002 -20"><span class='ocrx_word' id='word_1_283' title='bbox 322 4010 445 4070; x_wconf 86' lang='lat' dir='ltr'><strong>magnos</strong></span> <span class='ocrx_word' id='word_1_284' title='bbox 467 3992 677 4072; x_wconf 85' lang='lat' dir='ltr'><strong>appellaveris,</strong></span> <span class='ocrx_word' id='word_1_285' title='bbox 707 4014 766 4056; x_wconf 95' lang='lat' dir='ltr'><strong>non</strong></span> <span class='ocrx_word' id='word_1_286' title='bbox 794 4002 856 4056; x_wconf 87' lang='lat' dir='ltr'><strong>tam</strong></span> <span class='ocrx_word' id='word_1_287' title='bbox 885 4015 1010 4058; x_wconf 90' lang='lat' dir='ltr'><strong>onerosa</strong></span> <span class='ocrx_word' id='word_1_288' title='bbox 1039 4004 1138 4067; x_wconf 89' lang='lat' dir='ltr'><strong>erant,</strong></span> <span class='ocrx_word' id='word_1_289' title='bbox 1168 4004 1202 4058; x_wconf 89' lang='lat' dir='ltr'><strong>ut</strong></span> <span class='ocrx_word' id='word_1_290' title='bbox 1229 3996 1347 4058; x_wconf 86' lang='lat' dir='ltr'><strong>tolerari</strong></span> <span class='ocrx_word' id='word_1_291' title='bbox 1371 4011 1445 4054; x_wconf 88' lang='lat' dir='ltr'><strong>non</strong></span> 
     </span>
    </p>
   </div>
   <div class='ocr_carea' id='block_1_3' title="bbox 389 4246 995 4482">
    <p class='ocr_par' dir='ltr' id='par_1_4' title="bbox 389 4246 995 4482">
     <span class='ocr_line' id='line_1_36' title="bbox 390 4246 995 4315; baseline 0.01 -19"><span class='ocrx_word' id='word_1_292' title='bbox 390 4246 432 4311; x_wconf 77' lang='lat'><strong>¹2)</strong></span> <span class='ocrx_word' id='word_1_293' title='bbox 452 4249 484 4296; x_wconf 86' lang='lat' dir='ltr'><strong>L.</strong></span> <span class='ocrx_word' id='word_1_294' title='bbox 503 4251 518 4297; x_wconf 88' lang='lat'><strong>3</strong></span> <span class='ocrx_word' id='word_1_295' title='bbox 537 4249 559 4308; x_wconf 64' lang='grc' dir='ltr'><strong>ξ.</strong></span> <span class='ocrx_word' id='word_1_296' title='bbox 580 4249 612 4299; x_wconf 81' lang='lat'><strong>15</strong></span> <span class='ocrx_word' id='word_1_297' title='bbox 630 4249 695 4314; x_wconf 65' lang='lat' dir='ltr'><strong>Di‘g.</strong></span> <span class='ocrx_word' id='word_1_298' title='bbox 713 4249 747 4308; x_wconf 86' lang='lat' dir='ltr'><strong>de</strong></span> <span class='ocrx_word' id='word_1_299' title='bbox 764 4263 869 4304; x_wconf 87' lang='lat' dir='ltr'><strong>muner.</strong></span> <span class='ocrx_word' id='word_1_300' title='bbox 887 4249 940 4314; x_wconf 79' lang='lat'><strong>(50,</strong></span> <span class='ocrx_word' id='word_1_301' title='bbox 958 4250 995 4315; x_wconf 84' lang='lat'><strong>4).</strong></span> 
     </span>
     <span class='ocr_line' id='line_1_37' title="bbox 406 4331 759 4397; baseline 0 -15"><span class='ocrx_word' id='word_1_302' title='bbox 406 4331 432 4395; x_wconf 84' lang='lat'><strong>3)</strong></span> <span class='ocrx_word' id='word_1_303' title='bbox 452 4331 522 4384; x_wconf 89' lang='lat' dir='ltr'><strong>Plin.</strong></span> <span class='ocrx_word' id='word_1_304' title='bbox 543 4333 622 4397; x_wconf 86' lang='lat' dir='ltr'><strong>epist.</strong></span> <span class='ocrx_word' id='word_1_305' title='bbox 643 4336 681 4394; x_wconf 88' lang='lat'><strong>10,</strong></span> <span class='ocrx_word' id='word_1_306' title='bbox 703 4331 759 4383; x_wconf 83' lang='lat'>113.</span> 
     </span>
     <span class='ocr_line' id='line_1_38' title="bbox 389 4412 941 4482; baseline 0.011 -19"><span class='ocrx_word' id='word_1_307' title='bbox 389 4412 434 4476; x_wconf 87' lang='grc'><strong>34)</strong></span> <span class='ocrx_word' id='word_1_308' title='bbox 452 4414 484 4462; x_wconf 89' lang='lat' dir='ltr'><strong>L.</strong></span> <span class='ocrx_word' id='word_1_309' title='bbox 503 4419 519 4466; x_wconf 84' lang='lat'><strong>3</strong></span> <span class='ocrx_word' id='word_1_310' title='bbox 536 4417 576 4476; x_wconf 66' lang='lat' dir='ltr'><strong>§d-</strong></span> <span class='ocrx_word' id='word_1_311' title='bbox 596 4419 634 4469; x_wconf 79' lang='lat'><strong>15.</strong></span> <span class='ocrx_word' id='word_1_312' title='bbox 655 4419 686 4467; x_wconf 80' lang='lat'><strong>17</strong></span> <span class='ocrx_word' id='word_1_313' title='bbox 705 4417 769 4482; x_wconf 84' lang='lat' dir='ltr'><strong>Dig.</strong></span> <span class='ocrx_word' id='word_1_314' title='bbox 786 4417 820 4467; x_wconf 87' lang='lat' dir='ltr'><strong>de</strong></span> <span class='ocrx_word' id='word_1_315' title='bbox 839 4433 941 4469; x_wconf 86' lang='lat' dir='ltr'><strong>muner.</strong></span> 
     </span>
    </p>
   </div>
   <div class='ocr_carea' id='block_1_4' title="bbox 0 0 1578 5160">
    <p class='ocr_par' dir='ltr' id='par_1_5' title="bbox 0 0 1578 5160">
     <span class='ocr_line' id='line_1_39' title="bbox 0 0 1578 5160; baseline 0 0"><span class='ocrx_word' id='word_1_316' title='bbox 0 0 1578 5160; x_wconf 95' lang='lat' dir='ltr'><strong> </strong></span> 
     </span>
    </p>
   </div>
  </div>
 </body>
</html>
