3184 5162
324 469 388 516 Vlll

324 621 489 708 quandam
515 622 781 708 inaequalitatem
801 624 877 688 inde
899 634 1024 716 natam,
1052 624 1139 711 quod
1161 627 1320 712 quaedam
1342 650 1440 715 quae·

324 725 463 804 stiones,
487 724 615 788 etiamsi
637 725 770 788 minoris
793 728 946 790 momenti
975 737 1064 805 sunt,
1096 726 1222 812 longius
1245 738 1353 794 tamen
1374 740 1440 795 tra·

323 827 460 890 ctandae
489 835 599 908 erant,
628 827 705 912 quia
738 825 872 892 fortuito
900 849 979 892 casu
1011 830 1167 912 specialia
1199 840 1311 894 extant
1341 832 1438 896 docu-

322 936 431 993 menta
459 927 502 994 ad
529 949 583 992 eas
610 929 821 1012 pertinentia,
850 929 933 992 aliae
955 937 1078 1011 autem,
1106 953 1189 1016 quae
1211 932 1341 995 maioris
1364 943 1440 997 sunt

321 1031 484 1110 momenti,
508 1029 652 1094 breviter
672 1038 800 1094 tantum
822 1029 1017 1095 videbantur
1032 1033 1252 1116 exponendae,
1275 1035 1352 1118 quis
1365 1056 1439 1118 pro-

321 1131 394 1218 pria
415 1132 603 1217 provinciae
626 1131 760 1196 deerant
780 1133 982 1214 testimonia3
1005 1139 1040 1196 at
1060 1132 1143 1196 hanc
1164 1134 1437 1219 inaequalitatem,

321 1255 420 1320 quam
440 1235 474 1296 in
496 1233 557 1298 hoc
580 1233 846 1298 documentorum
861 1241 948 1297 ststu
969 1255 1033 1299 non
1055 1233 1131 1298 licet
1153 1236 1285 1316 evitare,
1308 1236 1437 1301 facilius

320 1337 433 1421 utique
455 1334 583 1415 tuleris,
612 1357 710 1420 quam
739 1333 917 1418 longiorem
946 1335 986 1400 de
1010 1336 1050 1400 iis
1073 1337 1170 1400 rebus
1193 1339 1436 1422 expositionem,

259 1460 261 1465 ·
321 1438 361 1502 de
383 1439 502 1524 quibus
524 1458 590 1500 non
612 1435 724 1521 quales
746 1436 900 1519 fuissent,
930 1437 987 1502 scd
1015 1435 1127 1521 quales
1151 1459 1221 1502 esse
1242 1439 1434 1524 potuissent,

320 1548 407 1603 esset
429 1537 622 1603 dicendum'
656 1537 764 1602 Unam
785 1559 863 1602 vero
886 1537 1112 1623 descriptionis
1134 1548 1259 1624 partem
1265 1590 1274 1624 ,
1298 1540 1350 1606 cui
1372 1562 1436 1605 non

320 1640 438 1704 desunt
459 1640 655 1720 testimonia,
680 1639 707 1702 si
729 1638 877 1703 consulto
895 1648 997 1704 totam
1011 1641 1186 1723 omisimus,
1210 1664 1281 1706 eam
1304 1641 1435 1723 scilicet,

320 1763 404 1828 quae
425 1741 567 1826 pertinet
593 1739 636 1804 ad
662 1749 871 1805 monumenta
898 1743 987 1820 artis,
1016 1741 1181 1808 difficilius
1203 1745 1264 1808 hoc
1285 1744 1437 1809 videatur

320 1841 554 1907 excusandum.
598 1843 645 1906 At
667 1864 862 1928 quamquam
883 1865 988 1931 neque
1009 1845 1183 1926 nescimus,
1205 1848 1240 1910 in
1262 1847 1357 1911 huius
1379 1867 1434 1932 po-

319 1946 480 2009 tissimum
502 1945 689 2029 provinciae
711 1945 853 2030 imagine
875 1967 971 2030 aegre
987 1945 1165 2011 desiderari
1187 1970 1270 2034 quae
1286 1971 1344 2034 per
1366 1950 1433 2013 eius

318 2047 440 2134 oppida
461 2045 634 2132 splendent
655 2046 786 2132 templa,
809 2047 1061 2134 amphitheatra,
1084 2048 1220 2130 theatra,
1243 2072 1346 2131 arcus,
1369 2071 1442 2114 mo-v

318 2158 472 2214 numenta
494 2147 688 2234 sepulcralia
710 2151 882 2230 ornatiora,
905 2152 1081 2214 statuariae
1100 2151 1178 2214 artis
1200 2172 1307 2234 opera,
1330 2173 1435 2236 neque

319 2273 556 2336 supervacuum
578 2249 769 2329 iudicamus,
793 2259 965 2334 postquam
986 2249 1080 2313 multi
1101 2250 1164 2313 viri
1187 2250 1274 2313 docti
1297 2259 1329 2314 et
1349 2253 1434 2314 inter

318 2354 405 2438 ipsos
428 2349 659 2433 Francogallos
682 2357 715 2412 et
735 2352 820 2413 inter
840 2359 1001 2414 nostrates
1024 2350 1064 2413 de
1092 2349 1143 2412 his
1165 2350 1262 2414 rebus
1286 2360 1432 2436 egerunt,

319 2452 360 2517 de
388 2454 512 2538 origine
540 2451 744 2536 potissimum
772 2451 887 2514 horum
917 2458 1197 2515 monumentorum
1224 2460 1257 2516 et
1285 2475 1326 2516 ex
1355 2455 1433 2517 artis

318 2556 442 2619 ratione
466 2562 561 2617 etex
587 2552 723 2616 historia
750 2554 936 2637 provinciae
965 2553 1137 2633 disserere,
1166 2561 1275 2617 tamen
1302 2576 1377 2618 cum
1399 2555 1433 2618 id

318 2656 388 2720 fieri
411 2675 475 2718 non
497 2656 600 2739 possit
621 2654 684 2717 nisi
710 2654 885 2738 propositis
913 2653 1028 2717 horum
1050 2655 1191 2719 omniurn
1213 2665 1433 2720 monumento·

317 2780 389 2822 rum
416 2756 613 2840 imaginibus
642 2755 815 2838 diligenter
842 2754 1012 2836 confectis,
1047 2755 1127 2820 haec
1160 2756 1230 2820 sola
1257 2756 1432 2821 difficultas

318 2859 446 2922 suffecit
468 2857 636 2922 abiciendo
659 2855 717 2920 tali
739 2856 884 2920 consilio.
929 2859 1057 2922 interca
1080 2857 1192 2922 dehis
1215 2849 1364 2944 omnibus
1385 2879 1433 2921 re·

318 2963 379 3026 bus
410 2961 466 3046 qui
493 2960 608 3024 volunt
637 2958 779 3039 edoceri,
806 2956 903 3022 hodie
930 2980 1058 3044 quoque
1087 2960 1344 3024 commodissime
1366 2959 1431 3023 adi-

317 3064 398 3128 bunt
425 3053 638 3146 Millinum3),
667 3082 741 3124 cum
769 3080 832 3144 quo
861 3060 1043 3142 conferant,
1071 3085 1155 3148 quae
1184 3085 1201 3125 e
1229 3061 1429 3148 nostratibus

316 3163 448 3247 collegit
468 3185 527 3249 per
549 3185 621 3226 eam
642 3163 807 3245 regionem
830 3160 948 3224 Bernh.
973 3161 1082 3227 Stark.
1092 3163 1118 3247 ⁴)

401 3264 446 3328 Et
472 3266 643 3328 universae
666 3262 794 3328 Galliae
822 3270 854 3326 et
875 3261 1096 3328 Narbonensis
1124 3264 1310 3350 provinciae
1332 3261 1430 3325 histo-

316 3367 398 3431 riam
419 3374 516 3452 etque
530 3367 681 3432 instituta
694 3385 802 3442 neme,
824 3365 878 3449 qui
897 3366 930 3429 in
947 3364 998 3428 his
1016 3365 1131 3429 studiis
1147 3374 1197 3429 est
1210 3373 1366 3442 versatus,
1379 3385 1432 3425 ne-

317 3471 377 3533 scit
399 3475 538 3533 tractata
558 3468 624 3532 iam
647 3489 727 3538 esse
740 3465 867 3532 duobus
896 3466 987 3532 libris
1010 3468 1125 3531 merito
1147 3466 1327 3543 celebratis,
1350 3484 1430 3548 quos

315 3571 400 3634 inter
431 3568 664 3654 Francogallos
701 3569 893 3656 conscripsit
919 3570 970 3634 vir
991 3567 1127 3664 illustris
1150 3568 1224 3630 Am.
1248 3565 1428 3648 Thierry.⁵)

317 3815 421 3860 tantum
444 3811 600 3876 citavimus,
624 3815 655 3862 ut
677 3812 802 3862 Henneni
826 3813 930 3864 nemini
948 3824 1088 3860 numerum
1116 3815 1313 3870 apponeremus
1331 3800 1430 3848 inscri-

314 3897 426 3960 ptionis.

384 3979 410 4043 3)
428 3979 527 4044 Millin,
547 3981 659 4048 Voyage
683 3981 751 4034 daus
774 3983 815 4033 les
838 3980 1043 4047 deportements
1066 3976 1100 4024 du
1119 3974 1186 4022 Midi
1210 3971 1243 4019 de
1262 3968 1290 4019 la
1308 3969 1426 4018 France·

315 4065 395 4114 Paris
414 4065 588 4115 1804—1811.

382 4147 409 4214 4)
429 4148 521 4213 Stark,
541 4149 746 4215 Staedtcleben‚
766 4153 857 4202 Kunst
868 4149 923 4198 und
936 4146 1088 4197 Alterthum
1101 4144 1130 4191 in
1142 4137 1323 4188 Frankreich.
1353 4136 1427 4188 Jena
1475 4132 1478 4144 '

317 4235 390 4287 1855.
421 4235 525 4284 Starkii
542 4235 614 4286 libro
632 4235 824 4302 supplementa
842 4232 945 4283 addidit
957 4231 1084 4293 Waagen
1095 4227 1123 4274 in
1138 4220 1273 4279 (testard,
1288 4219 1427 4270 al'sshaffll·

317 4320 436 4384 Zeitung
453 4319 526 4369 XIV.
548 4322 612 4371 1850
630 4339 656 4386 p.
677 4320 817 4370 195-206.

383 4404 412 4467 5)
430 4403 548 4454 Amdde'e
562 4405 686 4468 Thierry,
705 4399 830 4456 Histoire
848 4401 895 4450 des
911 4397 1023 4448 Garrlois
1039 4395 1135 4460 depuis
1152 4390 1193 4440 les
1211 4395 1300 4454 temps
1312 4388 1352 4438 les
1365 4390 1427 4456 plus
