3154 5162
514 374 597 431 PARS
619 376 647 430 ll.
693 375 799 431 CAPV'P
821 375 839 430 l.
1166 377 1224 438 131

27 547 29 588 ἰ
115 545 180 598 sunt
201 557 217 598 a
239 538 420 600 Diocletiano
442 548 471 600 et
494 539 686 601 Constantino
708 548 823 602 veteres
844 541 1013 620 provinciae
1035 556 1133 618 neque
1156 559 1226 602 vero

115 643 188 701 inter
211 660 243 702 se
273 644 400 712 mixtae,
425 642 504 719 quod
534 642 652 719 quidem
666 641 717 702 ad
744 643 819 702 fines
847 643 1016 722 provinciae
1039 645 1157 712 attinet,
1183 643 1228 703 vol

116 743 149 802 de
170 743 280 823 prioris
302 745 406 805 aetatis
429 750 505 805 statu
529 751 628 823 potest
650 746 762 806 testari.
808 744 870 806 lam
891 763 962 805 vero
990 747 1016 805 si
1044 746 1224 823 quaerimus,

115 864 189 916 num,
209 864 284 924 quae
301 864 337 906 ex
352 832 478 925 Augusti
500 848 561 932 sive
583 848 789 926 proximorum
813 849 875 908 eius
898 865 1107 909 successorum
1130 853 1225 906 aetate

117 954 210 1008 extant
231 949 415 1018 testimonia,
439 951 518 1009 inter
540 968 572 1009 se
595 929 796 1018 consentiant,
820 951 986 1009 invenimus
1001 949 1121 1028 quidem
1137 966 1225 1027 quas·

116 1048 176 1109 dam
198 1049 396 1122 differentias,
422 1051 473 1112 sed
496 1049 576 1111 leves
598 1069 695 1130 neque
718 1051 853 1112 difficiles
877 1051 1053 1130 explicatus
1068 1069 1141 1129 quas
1165 1050 1224 1112 col·

115 1148 199 1213 lectas
221 1152 314 1213 habes
337 1154 398 1224 his,
422 1171 497 1234 quae
520 1159 700 1232 sequuntur:

193 1261 220 1319 1.
256 1254 313 1326 Qui
340 1255 415 1316 Plin.
441 1260 474 1324 3,
505 1263 523 1322 5
558 1258 637 1316 inter
668 1255 864 1335 provinciales
891 1263 1087 1317 recensentur
1115 1257 1224 1324 Suetri,

27 1347 29 1420 ᾗ
115 1358 299 1418 nominantur
323 1359 412 1440 etiam
433 1359 464 1416 in
488 1363 611 1436 tropaeo
633 1356 767 1436 Alpium,
796 1359 880 1418 cuius
903 1360 1001 1418 omnia
1030 1346 1142 1436 reliqua
1171 1376 1225 1418 no·
1303 1385 1305 1391 a

27 1479 29 1530 4
115 1459 188 1518 mina
216 1459 252 1519 ad
275 1460 457 1538 provinciam
479 1458 703 1520 Narbonensem
726 1478 785 1520 non
807 1461 973 1539 pertinent,
996 1462 1126 1538 itemque
1149 1457 1223 1520 Ptol.

115 1563 171 1628 3‚1
195 1560 297 1622 Suetri
318 1561 473 1623 Maritimis
494 1560 617 1641 Alpibus
640 1561 855 1631 attribuuntur,
880 1569 910 1622 et
932 1560 1020 1622 simili
1041 1561 1129 1622 modo
1145 1561 1224 1632 Qua·

114 1661 198 1722 riates
219 1661 310 1723 Plinii
333 1663 383 1742 (3,
408 1660 458 1740 5),
488 1662 671 1740 siquidem,
700 1663 731 1723 id
760 1664 838 1740 quod
862 1664 1021 1725 verisimile
1050 1670 1108 1731 est,
1135 1662 1225 1724 iidem

115 1771 177 1823 sunt
198 1771 289 1841 atque
312 1783 399 1825 arcus
423 1765 561 1842 Segusini
585 1765 758 1836 Quadiates,
783 1766 927 1826 Cottianis
954 1768 984 1825 in
1011 1764 1068 1825 hoc
1091 1783 1161 1825 arcu
1185 1767 1225 1826 ci·

27 1869 28 1900 ³
78 1941 82 1947 1
111 1865 244 1927 sitatibus
267 1866 517 1936 adnumerantur;
542 1869 631 1936 acsi,
655 1873 688 1927 ut
711 1873 780 1928 sunt
803 1869 854 1944 qui
869 1868 1017 1927 coniciant
1033 1867 1096 1945 (cfr.
1115 1851 1228 1926 Uckert
1307 1939 1310 1950 ι

27 1949 29 1960 ,
114 1985 138 2043 p.
155 1965 238 2046 301),
263 1967 442 2029 Adunicates
464 1967 552 2029 Plinii
575 1969 613 2050 (3,
631 1966 659 2048 5)
682 1969 770 2029 iidem
794 1976 863 2029 sunt
885 1974 973 2045 atque
995 1968 1141 2030 Edenates
1164 1973 1225 2028 tro·

27 2127 28 2134 ,
114 2070 173 2145 paci
195 2076 224 2129 et
245 2069 394 2131 Adanates
417 2090 518 2140 arcus,
548 2070 585 2130 de
607 2070 653 2130 his
680 2087 800 2150 quoque
822 2070 937 2131 diversa
964 2071 1043 2130 inter
1071 2088 1101 2130 se
1130 2087 1224 2129 enun-

27 2187 29 2220 :
114 2171 225 2232 llantur.
273 2171 335 2232 lam
357 2191 427 2234 vero
451 2191 519 2234 cum
541 2173 689 2252 Agrippae
712 2173 927 2241 commentarii,
952 2170 1061 2248 quibus
1083 2189 1157 2231 usus
1179 2177 1226 2230 est

114 2270 231 2343 Plinius,
256 2274 398 2334 recedant
420 2274 497 2336 ultra
520 2293 630 2335 annum
652 2294 676 2334 a.
695 2274 746 2337 uh.
765 2279 819 2344 22,
844 2293 932 2335 arcus
947 2279 1046 2334 autem
1063 2273 1226 2349 Segusinus

114 2380 140 2432 et
161 2382 317 2454 tropaeum
340 2375 456 2455 Alpium
480 2397 540 2438 non
563 2377 705 2438 recedant
726 2376 805 2438 ultra
829 2396 938 2437 annum
962 2395 987 2435 a.
1012 2374 1063 2435 Ch.
1088 2381 1116 2442 9,
1141 2374 1224 2434 dilie-

112 2478 200 2536 rentia
220 2476 272 2536 illa
296 2479 393 2539 minus
415 2481 446 2539 in
468 2481 708 2540 testimoniorum
730 2479 788 2540 fide
811 2496 899 2556 quam
913 2480 945 2538 in
959 2484 1095 2556 tempore
1112 2475 1226 2537 videtur

112 2579 210 2654 posita,
228 2585 320 2659 atque
336 2579 572 2643 concludendum
589 2587 642 2650 est,
668 2582 792 2642 Suetros
808 2581 927 2659 quidem
944 2581 975 2640 in
990 2577 1077 2639 bellis
1092 2580 1223 2656 gentium

27 2679 29 2756 3
112 2677 307 2760 Inalpinarum
322 2681 484 2744 rebellasse
499 2684 625 2762 ideoque
642 2690 671 2743 et
685 2685 717 2743 in
732 2691 855 2762 tropaeo
869 2683 987 2763 Alpium
1009 2699 1075 2742 esse
1090 2682 1224 2756 nomina·

112 2787 153 2842 tos
172 2792 214 2853 et,
238 2803 307 2844 cum
320 2803 408 2865 ,anno
432 2805 457 2846 a.
474 2785 525 2848 ch.
545 2792 584 2853 14
606 2787 757 2864 provincia
772 2783 889 2862 Alpium
904 2783 1119 2844 Maritimarum
1141 2785 1224 2843 insti-

113 2889 240 2947 tueretur
271 2893 399 2956 armata‚
430 2886 499 2948 huic
527 2907 593 2948 esse
622 2886 823 2954 contributos3
855 2885 1007 2962 quadiates
1036 2891 1135 2945 autem
1165 2885 1225 2944 sive

27 3013 29 3066 3
112 2985 262 3068 Quariates
287 3005 384 3065 neque
412 2991 510 3050 minus
532 2990 710 3050 Adunicates
738 2990 799 3048 sive
821 2987 967 3048 Edenates
995 2987 1056 3046 sive
1078 2985 1225 3046 Adanates

111 3086 170 3149 lieri
190 3091 291 3169 potuit
313 3097 360 3160 ut,
385 3093 596 3169 cumprimum
613 3091 649 3151 ad
665 3091 848 3170 provinciam
867 3090 1098 3168 pertinuissent,
1122 3093 1225 3166 postea

27 3183 29 3220 ³
111 3207 197 3268 regno
220 3192 358 3253 Cottiano
381 3192 627 3255 concederentur.
661 3190 831 3255 Cuiusmodi
853 3192 932 3252 inter
953 3191 1135 3270 provinciam
1151 3187 1224 3248 Nar·

27 3285 28 3292 '
111 3287 268 3354 bonensem
294 3301 323 3354 et
344 3295 466 3355 finitima
491 3297 638 3356 territoria
662 3295 909 3356 commutationes
930 3293 1067 3353 lecerunt
1089 3297 1118 3351 et
1140 3289 1225 3350 Clau·

93 3392 185 3464 dius,
210 3413 301 3473 quem
325 3396 445 3458 Cassius
460 3396 514 3457 Dio
539 3397 600 3475 (60,
624 3396 674 3477 24)
697 3402 824 3484 testatur
848 3396 935 3455 Cottii
957 3411 1084 3472 regnum
1107 3393 1225 3453 auxisse

112 3502 137 3554 et
157 3496 263 3568 Galba,
289 3499 340 3575 qui
363 3497 460 3574 Plinio
485 3505 558 3559 teste
583 3498 627 3578 (3,
652 3498 681 3578 5)
706 3498 778 3559 duas
801 3503 906 3575 gentes
929 3494 1075 3575 Inalpinas
1104 3491 1226 3556 nostrae

27 3601 29 3632 ³
112 3600 276 3674 provinciae
298 3600 444 3661 formulae
467 3600 582 3660 adiecit.

27 3759 28 3784 ,
189 3707 217 3766 2.
243 3702 360 3763 Desunt
381 3704 411 3762 in
434 3701 522 3762 Plinii
545 3701 744 3781 descriptione
767 3700 921 3762 Albienses
945 3707 974 3760 et
995 3698 1136 3768 Albioeci,
1160 3698 1224 3759 loo-

27 3785 31 3830 t
112 3800 161 3870 nii,
184 3801 316 3863 ltledulli.
362 3806 399 3864 At
420 3803 574 3866 Albienses
598 3810 627 3864 et
648 3804 780 3866 Albioeci
808 3805 998 3864 continentur
1027 3801 1136 3881 oppido
1159 3799 1225 3861 Alc·

27 3919 28 3982 j
110 3897 177 3963 bece
204 3904 351 3966 Reiorum
373 3905 603 3986 Apollinarium,
634 3905 726 3966 lconii
756 3911 854 3966 autem
884 3903 962 3964 haud
990 3898 1080 3962 dubie
1107 3901 1225 3960 civitate

27 3999 29 4080 ζ
111 4000 256 4065 foederata
281 4007 509 4076 Vocontiorum;
533 4006 677 4068 Medullos
700 4025 770 4067 vero
793 4005 906 4066 Plinius
929 4020 1116 4082 nequaquam
1139 4001 1225 4060 omit-

27 4131 29 4184 5
110 4103 155 4172 tit,
184 4105 238 4166 sed
265 4105 357 4168 babet
381 4111 460 4170 inter
490 4111 606 4188 tropaei
628 4111 759 4169 civitates
787 4106 916 4168 devictas
939 4112 1021 4166 extra
1043 4103 1225 4182 provinciam

27 4189 29 4208 ¹
111 4205 192 4274 sitas;
221 4209 274 4285 qui
304 4210 377 4270 ordo
406 4212 432 4271 si
460 4208 635 4272 abhorrere·
644 4210 761 4271 videtur
784 4218 814 4269 et
839 4206 875 4268 ab
897 4224 968 4268 arcu
990 4205 1150 4282 Segusino,
1175 4202 1226 4281 qui

111 4305 241 4371 Cottiano
264 4328 359 4388 regno
383 4331 434 4371 eos
458 4312 545 4372 adicit
567 4319 596 4372 ot
619 4311 833 4379 aPtolemaeo,
859 4309 990 4386 quinon
1014 4309 1112 4368 minus
1136 4323 1225 4386 quam

27 4407 29 4414 ,
980 4415 999 4477 9
1007 4408 1024 4446 ᾖ
