3148 5160
555 457 639 514 rans
660 459 689 514 n.
734 429 840 513 cnrv'r
862 457 903 516 nv.
1214 459 1276 520 249

159 629 311 690 voluntate
333 626 491 706 pendebat.
501 621 538 703 ²⁹)
582 623 624 685 Ad
647 625 859 705 patrimonium
887 625 1016 703 denique
1044 641 1120 702 quae
1142 626 1274 702 pertine·

158 733 230 792 bant
252 731 384 808 negotia,
408 747 512 789 eorum
535 729 648 806 privata
671 733 735 788 erat
750 729 825 789 ratio
847 734 876 788 et
898 726 993 788 aliana
1016 745 1032 786 a
1054 745 1087 787 re
1101 727 1276 806 provinciali

157 833 203 894 vel
225 829 406 910 municipali.
1231 887 1233 891 .

243 935 280 995 at
302 940 335 993 ut
357 931 482 1011 simplex
510 939 540 992 et
568 931 663 993 facilis
691 931 912 1010 magistratibus
939 932 1082 1013 publicis,
1111 933 1152 992 ita
1178 934 1276 1010 gravis

159 1044 189 1098 et
211 1053 340 1098 onerosa
362 1035 532 1113 municipiis
562 1040 626 1094 erat
654 1052 688 1095 ea
716 1035 805 1106 ratio,
834 1041 869 1094 ut
895 1052 953 1112 qua
975 1054 1083 1096 munus
1107 1035 1275 1094 efficeretur

112 1180 120 1184 -
159 1147 188 1200 et
210 1138 455 1199 molestissimum
479 1142 509 1196 et
531 1136 610 1213 quod
633 1135 718 1197 facile
741 1155 805 1197 rem
820 1136 994 1199 familiarem
1012 1140 1076 1198 eius
1097 1137 1274 1207 destrueret,

124 1285 128 1294 .
157 1242 211 1321 qui
233 1238 422 1318 fungebatur.
468 1236 592 1298 Minoris
615 1238 734 1315 quidem
756 1241 869 1316 negotii
891 1259 946 1304 neo
969 1242 1033 1300 sine
1056 1239 1152 1318 aliqua
1175 1241 1275 1316 aequi-

157 1344 228 1404 tatis
251 1340 352 1420 specie
375 1345 453 1408 erat,
478 1339 557 1416 quod
579 1339 615 1400 ad
639 1341 834 1419 acceptandus
857 1342 1060 1420 professiones
1082 1341 1237 1402 censuales
1260 1360 1276 1400 a

157 1441 339 1524 proconsule
354 1441 491 1501 homines
503 1440 698 1521 municipales
710 1441 927 1504 adhibebantur
934 1439 987 1522 30);
1007 1463 1108 1504 verum
1119 1443 1209 1522 longe
1220 1443 1277 1504 alia

157 1547 235 1608 ratio
260 1550 338 1613 erat,
363 1542 440 1620 qnod
463 1543 643 1604 iubebantur
666 1543 844 1605 decuriones
872 1547 1026 1607 nominare
1054 1565 1089 1606 ex
1121 1547 1276 1626 municipi·
1340 1606 1343 1612 ,

158 1648 216 1710 bus
239 1651 408 1708 exactorem
431 1644 628 1716 tributorum,
652 1647 700 1706 cui
723 1653 753 1707 et
774 1647 931 1725 personale
947 1667 1056 1708 munus
1070 1650 1277 1726 iniungerctur

159 1748 297 1828 exigendi
319 1745 434 1825 singula
458 1746 644 1824 singulorum
665 1747 775 1810 tributa
798 1755 828 1809 et
849 1769 957 1810 munus
971 1751 1142 1829 patrimonii
1164 1749 1201 1811 de
1223 1768 1277 1810 suo

161 1849 349 1919 sustinendi,
362 1866 558 1926 quaecunque
580 1867 640 1910 non
662 1868 679 1909 a
702 1843 827 1928 singulis
842 1853 1008 1914 tributariis
1025 1855 1179 1931 exegisset,
1197 1850 1276 1931 quod

158 1952 280 2020 deinde,
311 1953 337 2012 si
364 1952 390 2012 is
419 1957 540 2012 exactor
569 1951 676 2012 damno
705 1953 880 2013 sustinendo
905 1972 964 2014 non
993 1973 1047 2034 par
1077 1959 1154 2024 erat,
1185 1953 1275 2013 decu·

157 2057 262 2117 rienes
284 2055 335 2133 qui
363 2053 601 2122 nominaverant,
631 2053 821 2114 resarciendo
852 2054 959 2116 damno
986 2054 1078 2116 tiscali
1106 2054 1275 2132 obligaban-

159 2167 225 2226 tur,
255 2152 335 2233 quod
363 2152 489 2233 denique
519 2154 593 2216 dura
623 2154 696 2216 baec
725 2155 772 2216 lex
796 2155 992 2218 adhibebatur
1020 2156 1275 2227 attribuisset,

159 2259 281 2337 capitis,
305 2251 492 2336 annonae.3¹)
537 2257 573 2317 Et
601 2257 680 2335 quod
708 2257 828 2337 quidem
857 2277 948 2320 onera
976 2277 1060 2320 mere
1088 2258 1277 2338 municipalia

159 2360 303 2420 ditiorum
326 2365 356 2418 et
377 2357 590 2420 honoratorum
615 2361 798 2439 municipum
820 2361 929 2441 partim
958 2361 1125 2422 liberalitati
1154 2363 1276 2439 permit-

159 2461 300 2523 tebantur
322 2461 429 2538 partim
453 2459 539 2520 bonis
561 2461 805 2541 imponebantur,
835 2463 864 2522 id
888 2471 916 2524 et
936 2466 1035 2542 ipsum
1065 2463 1184 2540 quidem
1214 2469 1278 2524 erat

158 2581 351 2644 perversum,
381 2562 520 2638 quoniam
555 2563 592 2623 ad
620 2581 712 2624 onera
740 2565 912 2626 sustinenda
943 2584 1003 2626 non
1032 2567 1113 2627 omni
1141 2573 1277 2644 tempore

158 2670 281 2744 praesto
305 2672 351 2723 est
372 2661 508 2723 voluntas
531 2670 559 2722 et
580 2667 694 2743 patriae
717 2685 800 2727 amor
828 2673 857 2726 et
884 2667 1016 2732 honores
1045 2669 1133 2728 nimis
1162 2668 1277 2728 onerati

159 2766 245 2827 brevi
268 2783 337 2826 suas
359 2763 489 2844 perdunt
511 2763 668 2828 illecebras
692 2787 787 2848 neque
809 2770 930 2828 omnino
952 2775 1033 2828 certa
1055 2788 1146 2831 onera
1161 2771 1277 2830 ratione

158 2875 221 2930 tam
249 2869 361 2927 incerta
390 2865 500 2925 debent
522 2867 673 2938 distribui;
704 2881 733 2930 at
759 2876 876 2949 poterat
905 2868 1006 2930 saltem
1036 2870 1129 2930 videri
1157 2869 1279 2931 accendi

158 2970 218 3031 boc
245 2967 335 3029 modo
364 2967 507 3045 quaedam
536 2973 720 3051 municipum
746 2974 825 3033 inter
852 2989 883 3032 se
906 2971 1062 3032 aemulatio
1091 2978 1120 3031 et
1148 2971 1277 3031 officium

229 3155 274 3220 29)
293 3154 371 3216 Quod
390 3151 475 3205 orell.
488 3147 555 3199 3339
573 3145 603 3193 in
620 3142 704 3194 Italis
721 3143 876 3193 invenimus
894 3140 984 3190 socios
996 3139 1147 3190 vicesimae
1164 3138 1278 3189 liberta·

160 3242 213 3304 tis,
240 3255 295 3290 non
319 3238 412 3288 obstat
437 3233 580 3300 quominus
602 3229 630 3278 in
652 3227 798 3292 provincia
821 3241 875 3276 non
898 3224 1015 3286 fuerint3
1043 3239 1107 3273 nam
1131 3239 1183 3288 quo
1206 3238 1278 3287 quae

160 3327 250 3376 maior
269 3327 330 3374 erat
346 3323 424 3386 regio
443 3326 471 3372 et
489 3333 540 3384 quo
558 3315 675 3364 ditiores
692 3313 816 3363 homines
833 3311 873 3360 ibi
891 3310 1043 3376 degebant,
1063 3325 1095 3358 eo
1113 3309 1227 3360 facilius
1246 3323 1280 3360 ex

162 3407 296 3460 eiusmodi
313 3406 425 3473 negotio
443 3403 537 3470 magni
558 3399 662 3450 reditus
688 3400 819 3462 poterant
841 3393 961 3462 sperari3
981 3395 1028 3460 qui
1050 3409 1116 3444 vero
1138 3394 1167 3444 in
1184 3399 1280 3444 nostra

160 3493 309 3560 provincia
327 3491 402 3560 (epp.
415 3507 440 3540 n.
455 3487 515 3552 567)
534 3486 636 3536 dicitur
651 3482 720 3548 probi.
734 3482 787 3531 XX
804 3478 963 3544 libertatis),
982 3494 1037 3529 non
1054 3479 1208 3544 publicanas
1227 3484 1278 3543 est,

160 3583 194 3629 ut
211 3581 292 3644 putat
309 3576 435 3640 Bimard‚
454 3573 502 3625 sed
519 3570 648 3638 puttam.

231 3662 274 3726 30)
292 3663 325 3712 L.
345 3663 377 3712 18
394 3663 417 3723 ξ.
436 3661 468 3710 16
485 3657 550 3722 Dig.
570 3655 603 3704 dc
622 3668 726 3702 muner.
746 3653 804 3716 (50,
822 3651 864 3715 4):
883 3653 926 3718 qai
944 3651 1109 3714 acceptandis
1127 3652 1178 3701 sive
1199 3653 1279 3702 susci-

158 3749 265 3815 pisatiis
283 3746 440 3798 cenantibus
455 3739 659 3809 professionibus
676 3739 848 3796 destinantur,
867 3739 903 3787 ad
916 3737 1064 3802 personalis
1080 3737 1190 3786 saneris
1211 3739 1280 3787 solti-

162 3833 299 3884 citudinem
315 3832 421 3882 anivuunt
438 3829 579 3880 intendunt.
1001 3826 1004 3830 ’

231 3914 275 3982 31)
293 3917 327 3966 L.
346 3916 377 3965 18
395 3916 419 3976 §-
438 3915 471 3964 26
488 3912 553 3976 Dig.
573 3909 606 3959 de
625 3923 728 3958 muner.
747 3906 804 3969 (50,
822 3904 864 3971 4)=
883 3907 978 3956 tributa
995 3908 1127 3972 culpantes
1145 3912 1171 3955 et
1187 3920 1280 3969 eorpo-

161 4007 220 4054 rale
237 4003 402 4052 ministerium
418 4003 511 4064 perant
529 4003 553 4046 et
572 4021 600 4030 -
618 3994 719 4057 fiscalia
737 3993 889 4044 detrimenta
905 3993 1063 4053 resarciunt,
1087 3997 1114 4040 ut
1136 3991 1225 4040 merto
1244 3991 1280 4038 in-

162 4096 204 4138 ter
220 4089 304 4138 mista
320 4087 368 4137 boe
385 4100 472 4136 manus
490 4081 619 4132 numerari
635 4078 741 4135 debeat:
759 4079 782 4139 ξ.
802 4079 847 4127 27:
866 4078 890 4127 si
900 4103 934 4112 -
946 4092 1071 4127 annonam
1088 4078 1219 4140 exipentes
1237 4075 1280 4125 de·

160 4180 289 4224 sertorum
312 4171 478 4236 praediorum
493 4168 594 4217 'damna
617 4165 769 4222 sustineant,
796 4164 931 4213 mistorum
956 4158 1110 4224 (muneram)
1135 4161 1281 4221 delinitione

161 4255 366 4308 continebantur.
400 4253 419 4304 l.
438 4253 453 4304 3
471 4253 494 4313 ξ.
516 4252 560 4302 11:
580 4251 740 4300 exactionem
757 4247 906 4298 tributorum
918 4261 981 4296 onan
992 4247 1140 4309 patrimonii
1153 4260 1210 4296 esse
1221 4261 1281 4296 eon-

159 4349 223 4394 stat.
260 4342 284 4402 ξ.
305 4343 351 4390 12;
375 4355 438 4388 cara
457 4337 581 4400 frumenti
601 4335 769 4398 comparandi
784 4349 870 4382 munus
887 4337 926 4382 est
943 4340 969 4381 et
986 4330 1017 4380 ab
1036 4345 1065 4380 eo
1088 4337 1162 4382 aetas
1177 4339 1282 4395 septua-

158 4427 232 4492 pt'nta
249 4439 374 4476 annornm
391 4425 430 4474 nel
447 4437 562 4472 nanterus
580 4423 689 4485 quinque
706 4419 861 4469 incolumium
878 4417 1012 4468 liberorum
1029 4422 1145 4468 eneasat.
