3184 5162
310 479 351 544 60
706 477 790 536 PARS
811 479 829 534 Ι.
873 477 979 536 CAPl'T
1002 477 1021 534 Ι.

309 646 490 728 provinciam
512 664 591 708 anno
615 651 675 713 100
698 645 735 707 bl.
760 646 861 707 lunius
883 644 1001 706 Silanus
1023 645 1141 714 consul,
1171 647 1223 724 qni
1243 645 1281 706 ab
1302 647 1430 710 introitu

311 750 374 829 agri
401 747 541 810 Romanis
570 747 680 810 subditi
708 749 926 811 Germanorum
953 751 1068 827 agmina
1097 757 1224 812 arceret.
1274 752 1299 815 A
1326 749 1429 812 Silano

312 857 411 916 sutem
434 869 502 913 cum
524 852 636 912 trustra
659 851 745 914 sedes
767 868 914 932 agrosque
936 869 991 931 per
1016 869 1120 931 pacem
1143 852 1350 914 concedendos
1373 872 1428 932 po·

312 952 487 1023 stulassent,
520 952 680 1032 denegatos
707 972 813 1034 preces
841 959 942 1016 secuta
971 961 1018 1014 est
1048 955 1127 1016 acris
1160 971 1276 1034 pugna,
1304 973 1339 1016 ex
1369 973 1430 1034 qua

313 1057 441 1118 victores
463 1057 601 1116 exierunt
615 1052 815 1133 Germani⁵²):
840 1062 1012 1136 postquam
1027 1055 1098 1117 dum
1114 1055 1225 1118 Cimbri
1239 1056 1275 1118 ad
1292 1063 1429 1118 senatum

313 1157 478 1220 Romanum
508 1159 565 1218 iam
594 1159 715 1219 mittunt
741 1156 867 1236 legatos,
896 1159 948 1237 qui
974 1158 1046 1218 item
1073 1157 1111 1218 de
1138 1157 1259 1219 sedibus
1289 1161 1441 1236 agrisque·

314 1259 511 1322 concedendis
533 1267 671 1338 agerent,
695 1260 912 1322 Germanorum
936 1261 997 1320 sive
1020 1258 1156 1338 exemplo
1179 1262 1298 1321 excitati
1319 1261 1380 1320 sive
1400 1262 1431 1320 vi

314 1363 409 1424 coacti
429 1361 565 1440 Tigurini
587 1380 654 1424 cum
677 1361 839 1442 Toygenis‚
869 1363 920 1438 qui
941 1360 1143 1423 Helvetiorum
1171 1364 1240 1440 pagi
1260 1363 1431 1441 provinciae

315 1470 400 1526 erant
422 1463 552 1533 finitimi,
582 1467 612 1524 et
637 1464 698 1543 ipsi
719 1482 755 1524 ex
778 1462 898 1524 sedibus
921 1465 983 1526 suis
1005 1465 1117 1541 egressi
1140 1465 1320 1542 provinciam
1347 1465 1432 1524 inva-

315 1564 389 1628 dunt
410 1572 515 1643 atque,
544 1572 700 1644 postquam
722 1583 777 1644 per
802 1571 935 1626 montem
956 1564 1125 1628 Cebennam
1148 1565 1184 1624 ad
1207 1565 1356 1627 Oceanum
1381 1584 1432 1625 us·

316 1683 374 1746 qne
396 1673 611 1746 pervenerunt,
635 1666 677 1728 ibi
698 1685 724 1728 a.
751 1673 811 1736 107
833 1685 942 1728 novum
965 1666 1118 1728 consulem
1140 1667 1171 1728 L.
1197 1667 1330 1729 Cassium
1352 1667 1433 1727 Lon-

316 1770 434 1846 ginum,
464 1770 516 1848 qui
538 1770 612 1830 viam
636 1786 742 1830 eorum
763 1774 895 1830 tentaret
920 1768 1080 1851 impedire,
1108 1768 1223 1830 insidiis
1245 1771 1434 1831 circumven-

317 1877 380 1932 tum
408 1872 448 1932 ita
475 1870 649 1942 devincunt,
682 1877 716 1934 ut
749 1889 836 1933 caeso
869 1871 945 1933 duce
972 1871 1105 1932 Romano
1140 1873 1192 1948 qui
1221 1890 1257 1932 ex
1285 1889 1319 1932 ea
1347 1870 1435 1933 clade

317 1978 496 2052 supererant
518 1972 627 2036 milites
648 1975 781 2035 contenti
803 1977 904 2035 essent
924 1974 1047 2052 pacisci,
1076 1979 1111 2034 ut
1129 1971 1283 2034 obsidibus
1304 1972 1379 2033 datis
1403 1979 1437 2034 et

317 2075 437 2138 dimidia
458 2093 562 2137 rerum
584 2076 717 2136 omnium
739 2082 824 2154 parte
851 2074 956 2137 relicta
981 2076 1039 2154 ipsi
1059 2073 1224 2135 incolumes
1246 2074 1437 2136 dimitteren-

317 2184 375 2240 tur.
385 2173 422 2255 ⁶³)
466 2177 551 2250 Quae
574 2176 645 2239 dum
667 2178 698 2238 in
721 2175 814 2238 Callia
834 2181 991 2255 geruntur,
1013 2175 1142 2239 redeunt
1162 2177 1276 2239 interca
1298 2176 1437 2239 Cimbro-

319 2297 385 2341 rum
408 2278 498 2355 legati
518 2299 534 2342 a
557 2286 661 2340 senatu
684 2295 803 2357 quoque
818 2279 951 2340 Romano
973 2278 1123 2358 repulsam
1146 2279 1321 2349 referentes,
1343 2285 1438 2354 atque

318 2387 380 2442 tam
402 2382 480 2440 serio
503 2380 540 2440 de
562 2379 734 2460 repellenda
754 2383 814 2442 iam
836 2363 1032 2442 barbarorum
1046 2381 1197 2442 invasione
1213 2383 1343 2459 cogitare
1365 2399 1437 2440 coe-

319 2484 363 2560 pit
385 2489 515 2551 senatus,
538 2488 654 2544 utnon
676 2482 771 2544 solum
795 2483 866 2544 anni
888 2486 949 2549 106
977 2481 1080 2543 consul
1102 2481 1137 2554 0.
1161 2481 1303 2543 Servilius
1326 2481 1439 2560 Caepio

321 2601 388 2646 cum
411 2583 544 2644 exercitu
566 2585 597 2644 in
617 2586 804 2663 provinciam
825 2585 891 2654 iret,
916 2583 983 2654 sed,
1012 2602 1080 2645 cum
1103 2585 1227 2664 propius
1248 2584 1280 2645 in
1302 2584 1366 2644 dies
1386 2585 1437 2643 in-

321 2691 414 2747 staret
435 2683 611 2765 perioulum,
634 2704 711 2747 anno
736 2692 795 2754 105
819 2693 849 2746 et
864 2686 1005 2765 Caepioni
1026 2693 1242 2765 prorogaretur
1262 2686 1437 2764 imperium,

322 2794 352 2849 et
373 2788 425 2850 Cn.
449 2786 565 2850 Mallius
587 2787 732 2850 Maximus
754 2806 822 2849 cnm
844 2787 901 2850 alio
924 2788 1058 2849 exercitu
1080 2787 1220 2866 Caepioni
1239 2789 1270 2847 in
1293 2785 1440 2848 auxilium

321 2891 498 2952 mitteretur.
544 2892 579 2952 tr
600 2891 739 2969 pessimis
759 2891 894 2969 ipsorum
921 2888 1030 2949 ducum
1054 2887 1185 2950 consiliis
1207 2907 1245 2950 ne
1267 2907 1347 2949 nnnc
1368 2890 1438 2967 qui-

321 2994 389 3054 dem
411 2992 518 3054 melior
539 2990 679 3055 Romanis
702 2993 800 3052 evenit
820 3007 987 3052 successus.
1032 2990 1106 3052 Nam
1128 3006 1305 3068 quamquam
1327 2989 1440 3067 Caepio

321 3097 418 3174 primo
440 3094 560 3174 quidem
581 3094 700 3174 imperii
722 3095 769 3155 sui
791 3111 869 3156 anno
891 3091 1072 3154 rebellantes
1088 3091 1261 3160 Tolosanos,
1285 3091 1336 3167 qui
1358 3090 1440 3152 Cim-

322 3196 445 3257 brorum
468 3195 596 3258 adventu
617 3195 652 3257 ad
674 3193 821 3256 libertatis
842 3211 927 3272 spem
950 3195 1042 3254 erecti
1064 3192 1172 3255 milites
1186 3191 1334 3254 Romanos
1349 3210 1441 3270 prae-

323 3296 391 3358 sidii
411 3295 478 3358 loco
494 3296 572 3377 apud
588 3315 620 3358 se
635 3296 777 3375 degentes
798 3297 830 3356 in
852 3293 967 3357 vincula
995 3297 1194 3365 coniecerant,
1220 3293 1297 3356 facili
1317 3295 1441 3370 negotio

323 3397 360 3460 ad
388 3396 565 3477 obsequium
592 3394 812 3476 reduxeratffl),
841 3416 901 3460 non
928 3396 1025 3459 solum
1054 3403 1139 3476 rapto
1167 3395 1270 3475 templi
1298 3393 1443 3456 Tolosani

322 3578 324 3582 ’
392 3583 439 3651 52)
458 3586 519 3638 Liv.
537 3587 603 3652 epit.
622 3585 667 3637 65:
691 3585 730 3636 M.
749 3585 840 3637 Iunius
857 3585 960 3636 Silanus
980 3585 1069 3636 consul
1085 3585 1207 3634 aduerm
1227 3581 1337 3634 Cimbros
1354 3581 1444 3644 infeli-

323 3673 388 3723 citer
403 3671 538 3737 paganam
556 3673 646 3737 legatis
659 3671 811 3722 Cimbrorrnu
822 3671 907 3721 sedem
924 3677 950 3720 et
961 3685 1038 3736 agros
1054 3667 1181 3735 inquibus
1197 3670 1373 3730 concinerent,
1390 3682 1443 3732 po-

323 3755 473 3808 stulantibus
490 3763 593 3808 senatur
609 3758 717 3822 negauit.
748 3755 798 3809 cir.
817 3754 893 3806 Flor.
912 3758 939 3817 3,
956 3757 981 3818 3,
1001 3755 1076 3808 1-4.

393 3839 437 3905 53)
454 3841 497 3892 Do
515 3840 576 3892 loco
593 3838 674 3892 buius
692 3855 802 3906 pugnae
815 3838 944 3891 differunt
961 3840 1034 3890 inter
1052 3855 1081 3890 se
1099 3839 1197 3889 Livius
1216 3841 1244 3889 et
1262 3837 1385 3900 Orosius,
1406 3853 1445 3888 ex

326 3927 424 3994 quibua
441 3926 490 3978 ille
508 3926 577 3978 dicit
596 3924 673 3992 (epit.
692 3923 750 3989 lib):
769 3925 801 3978 L.
821 3925 924 3976 Cassius
941 3940 993 3976 eos.
1011 3941 1027 3974 u
1048 3923 1176 3988 lipsi-inis
1194 3924 1274 3974 Gallis
1291 3949 1323 3958 -
1340 3923 1367 3972 in
1380 3923 1445 3984 fini-

325 4013 370 4065 bus
387 4013 551 4078 Allobrogum
573 4027 627 4062 oum
648 4015 871 4062 exercitaremur
888 4017 941 4075 eet,
960 4009 1006 4061 hie
1024 4009 1066 4072 (5,
1085 4007 1143 4074 15)²
1166 4009 1198 4058 1..
1219 4007 1322 4058 Caenus
1344 4021 1396 4058 eos.
1417 4009 1446 4058 in

327 4100 410 4150 Gallio
430 4097 564 4163 iiporinoo
581 4111 659 4163 usqae
675 4109 796 4148 oceanum
810 4102 961 4159 persecutns
972 4109 1110 4160 neruoque
1122 4093 1155 4143 ab
1170 4094 1260 4144 tndem
1275 4091 1375 4142 insidiis
1392 4093 1447 4140 oir-

325 4189 467 4235 cumventua
484 4185 582 4234 coenus
606 4187 653 4232 est.
690 4180 891 4231 Commemorat
914 4179 987 4230 henc
1008 4178 1116 4229 cladem
1139 4179 1223 4228 etiam
1247 4176 1352 4226 Caesar
1373 4175 1447 4232 bell.

326 4265 393 4332 gali.
413 4269 436 4330 l,
456 4269 480 4318 7.
500 4267 540 4320 12.
575 4266 721 4332 Toygonos
738 4263 878 4330 Tigurinis
897 4263 973 4314 addit
991 4262 1089 4314 Strabo
1107 4262 1167 4312 VII.
1184 4277 1210 4327 p.
1224 4261 1281 4310 293.
1311 4258 1449 4314 Ceterum

327 4337 378 4404 cir.
396 4352 555 4412 Mommsen,
573 4351 668 4402 Roem.
688 4348 787 4400 Gesch.
806 4353 830 4411 3,
850 4350 900 4400 174
916 4351 974 4402 not.

395 4434 438 4498 54)
457 4436 511 4486 Dio
530 4434 608 4485 Cass.
627 4435 725 4499 fragm.
745 4435 778 4484 90
796 4434 882 4487 Beck.
913 4432 964 4485 cir.
983 4446 1067 4503 supra
1083 4445 1111 4488 n.
1129 4431 1170 4482 36.
