3148 5160
544 463 627 518 rans
649 463 679 517 n.
723 451 828 520 earm
851 464 881 518 n.
1214 465 1275 530 199

152 640 254 692 torum
282 636 347 690 crat
375 647 532 698 numeror,
567 627 635 688 huic
665 646 783 706 quoque
812 629 936 707 collegio
963 630 1115 700 manebat;
1148 633 1274 694 fortasse

150 735 218 794 seni
239 735 271 792 in
294 749 371 792 novo
394 730 519 808 collegio
536 737 627 792 ‘erant
649 731 836 792 decuriones.
882 731 964 803 Quae
992 731 1041 792 bic
1069 736 1271 812 exposuimus,

150 855 214 896 non
237 837 337 896 minus
359 832 524 912 probabilia
548 840 632 902 sunt,
656 834 735 911 quod
765 833 801 894 ab
823 835 957 894 instituto
979 835 1198 914 proficiscimur
1219 855 1271 916 pe·

151 937 260 998 culiari
281 934 415 997 coloniae
437 936 583 1004 Narboni;
608 954 677 996 nam
699 934 784 995 lacile
799 936 864 996 fieri
884 941 1017 1014 poterat,
1041 939 1126 996 utin
1148 936 1272 1014 reliquis

151 1056 273 1118 quoque
296 1039 414 1118 imperii
436 1039 619 1116 municipiis,
645 1055 720 1115 quae
743 1055 853 1098 numen
876 1038 999 1115 Augusti
1028 1036 1180 1108 colebant,
1208 1041 1270 1118 pri·

150 1160 236 1200 mum
259 1142 425 1200 sevirorum
449 1140 649 1221 sacerdotium
671 1158 732 1199 non
755 1138 906 1199 insolitum
923 1123 1138 1208 institueretur,
1163 1140 1272 1201 deinde

149 1248 312 1322 postquam
334 1241 476 1302 defuncto
498 1243 630 1320 Augusto
652 1261 707 1320 per
730 1242 828 1301 omnia
850 1241 1011 1319 municipia
1034 1243 1188 1319 proprium
1209 1243 1273 1302 Divi

150 1344 353 1405 sacerdotium
376 1344 525 1403 communi
546 1342 730 1422 reipublicae
751 1346 872 1404 nomine
887 1344 1054 1404 institutum
1078 1351 1135 1413 est,
1161 1346 1271 1404 seviro-

149 1463 220 1506 rum
241 1444 361 1506 illorum
384 1464 493 1506 munus
515 1444 630 1506 libertis
652 1445 762 1523 ubique
792 1444 967 1504 traderetur.
996 1445 1184 1516 Quinetiam
1207 1439 1271 1506 beri

149 1548 275 1628 possit,'
291 1553 324 1606 ut
357 1549 485 1625 primum
520 1549 551 1607 in
587 1545 642 1608 bac
674 1548 826 1626 provincia
859 1547 1024 1606 sevirorum
1058 1549 1227 1608 institutum
1255 1567 1270 1608 a

149 1648 292 1725 Narbone
315 1647 352 1708 ad
373 1647 487 1725 reliqua
509 1650 680 1727 provinciae
703 1648 809 1727 oppida
828 1649 994 1718 transierit,
1019 1648 1126 1708 deinde
1148 1651 1179 1709 in
1201 1669 1269 1728 pro-

148 1751 263 1810 vincias
287 1751 410 1820 vicinas,
434 1748 485 1810 ubi
508 1752 577 1811 item
601 1751 793 1810 inveniuntur
823 1769 883 1810 non
913 1749 1061 1828 simplices
1084 1751 1267 1828 Augustales

149 1851 205 1912 sed
230 1853 318 1912 seviri
338 1850 522 1930 Augustales.
568 1851 714 1930 Quidquid
736 1850 767 1911 id
790 1859 848 1921 est,
878 1859 960 1911 certa
982 1854 1083 1928 utique
1106 1860 1176 1912 sunt
1197 1852 1270 1912 baec

148 1954 227 2014 duo:
252 1971 288 2014 ex
310 1972 368 2014 una
390 1960 491 2032 parte,
515 1972 582 2014 cum
605 1953 798 2014 decurionum
822 1953 942 2013 decreto
965 1955 1191 2013 nominarentur
1221 1974 1266 2014 se-

150 2057 221 2124 viri,
245 2073 304 2114 non
328 2073 364 2114 ex
387 2073 470 2116 mera
492 2057 675 2133 privatorum
696 2054 846 2115 voluntate
875 2059 973 2114 ortum
988 2072 1068 2114 esse
1096 2055 1126 2114 id
1153 2057 1269 2115 institu-

147 2165 233 2226 tum,
255 2155 292 2217 ab
315 2156 407 2218 altera
428 2162 523 2235 parte,
548 2158 664 2217 etiamsi
686 2158 761 2217 sicut
777 2158 875 2216 omnia
897 2155 1022 2233 collegia
1044 2157 1083 2215 ita
1099 2155 1171 2216 haec
1195 2174 1267 2232 quo·

148 2277 210 2336 que
226 2277 351 2338 corpora
375 2261 523 2337 permissu
547 2261 736 2338 imperatoris
758 2257 887 2328 coibant,
911 2276 971 2318 non
993 2264 1092 2318 tamen
1110 2276 1199 2318 unam
1215 2258 1266 2318 ali·

149 2378 241 2438 quam
264 2379 451 2422 communem
473 2361 569 2439 legem
592 2360 741 2440 publicam
769 2363 805 2421 iis
835 2379 900 2422 esse
925 2360 1037 2430 datam,
1061 2360 1114 2420 sed
1141 2363 1267 2438 permis-

150 2482 216 2524 sam
234 2481 306 2523 esse
335 2462 421 2523 buius
450 2463 578 2524 instituti
607 2464 753 2523 rationem
781 2464 966 2542 municipiis,
996 2480 1125 2540 quocum
1156 2463 1267 2540 optime

149 2567 303 2633 convenit,
338 2565 417 2648 quod
449 2566 480 2625 in
513 2565 599 2626 libris
631 2567 704 2625 iuris
736 2564 861 2626 Romani
893 2583 953 2624 non
986 2570 1266 2625 commemorantur.

149 2667 247 2738 Quem
274 2684 345 2727 vero
372 2668 403 2726 in
431 2685 464 2726 re
491 2665 661 2746 municipali
693 2666 790 2726 locum
819 2666 1015 2735 obtinuerint,
1050 2673 1113 2727 tum
1147 2665 1266 2726 demum

147 2768 239 2848 plene
260 2769 492 2847 perspiciemus,
517 2768 635 2845 quando
664 2776 693 2828 et
721 2787 788 2828 cum
810 2766 1012 2844 Augustalium
1042 2786 1168 2846 corpore
1196 2767 1267 2827 reli-

147 2888 208 2950 qua
230 2868 406 2948 libertomm
429 2869 552 2947 collegia
575 2870 845 2948 comparaverimus
873 2876 903 2928 et
923 2886 1083 2929 munerum
1104 2869 1267 2947 municipa-

148 2971 225 3032 lium
246 2970 482 3032 intellexerimus
503 2972 661 3031 rationem.

236 3072 440 3150 Collegium
463 3067 806 3151 funeraticinm¹¹⁰t
824 3089 933 3149 corpus
962 3077 1008 3130 est
1037 3087 1140 3130 eorum
1171 3068 1266 3130 homi-

146 3194 238 3244 num,
263 3174 367 3251 quibus
390 3193 426 3234 ex
448 3180 567 3234 senatus
590 3173 725 3234 consulto
747 3173 815 3233 licet
837 3173 873 3233 ad
896 3171 1011 3250 collegii
1026 3173 1152 3232 sormam
1175 3173 1265 3241 coire,

148 3275 243 3338 semel
271 3278 427 3336 inmense
455 3275 629 3344 convenire,
659 3277 766 3354 stipem
795 3279 979 3335 menstruam
1006 3275 1168 3354 conterre,
1186 3273 1266 3333 rende

148 3379 295 3439 efficiatur
322 3395 389 3437 arca
418 3377 598 3445 communis,
630 3395 666 3436 ex
689 3393 761 3453 qua,
792 3378 842 3453 qui
869 3378 933 3437 eius
966 3376 1101 3456 corporis
1129 3377 1188 3435 sint
1215 3375 1265 3434 de·

146 3481 259 3547 iuncti,
289 3476 479 3556 sepeliantur.
524 3479 577 3538 Est
598 3479 687 3555 igitur
709 3476 816 3538 horum
845 3477 1036 3555 collegiorum
1065 3495 1168 3538 caussa
1195 3495 1265 3555 per·

145 3587 238 3662 petua
261 3597 333 3639 eura
355 3579 526 3658 sepulturae
550 3599 669 3648 eorum,
694 3581 745 3656 qui
768 3579 803 3640 ad
819 3579 964 3640 eiusmodi
987 3598 1097 3659 corpus
1119 3580 1263 3639 coierunt.

145 3683 363 3760 Inscriptiones
385 3689 483 3741 autem
506 3671 725 3750 demonstrant,
750 3701 815 3742 esse
845 3699 878 3740 ea
901 3681 1023 3760 collegia
1053 3683 1113 3741 sive
1143 3680 1264 3740 liberto-

144 3803 215 3846 rum
239 3783 300 3844 sive
324 3800 494 3852 servorum,
518 3784 619 3862 utique
642 3783 795 3844 bominum
818 3785 1000 3854 tenuiorum,
1032 3785 1081 3860 qui
1107 3802 1168 3843 non
1197 3789 1265 3842 sunt

145 3884 273 3953 assidui,
299 3885 438 3960 quoniam
467 3885 637 3961 quicunque
666 3901 806 3962 agrorum
832 3887 1054 3962 possessionem
1083 3882 1192 3944 babent
1219 3882 1265 3942 vel

145 4055 453 4064 „-—-....—-.—--—

216 4154 278 4220 110)
298 4155 340 4205 De
361 4154 540 4220 collegiorum
557 4154 740 4205 Romanorum
756 4154 883 4206 instituto
900 4155 964 4220 Dig.
984 4155 1034 4204 cfr.
1053 4153 1210 4213 Mommsen,
1229 4151 1264 4202 do

147 4239 278 4304 collegiis
303 4242 330 4288 et
353 4237 493 4288 sodaliciis
515 4238 706 4292 Romanorum.
735 4240 799 4289 Kiel
818 4241 891 4290 1843.
926 4237 966 4290 Id.
991 4235 1124 4286 Zeitsohr.
1147 4236 1192 4286 fiir
1215 4252 1263 4302 ge·

145 4323 277 4376 sehiehtl.
295 4322 560 4374 Rechtswissenseh.
579 4323 638 4378 XV.
657 4325 808 4376 353-364.
843 4321 1017 4386 Marquordt‚
1041 4336 1125 4371 roem.
1143 4319 1262 4372 Alterth.

145 4409 339 4470 4,151-159.
