3148 5160
499 465 582 521 PARS
604 465 634 520 ll.
678 464 784 521 CAPVT
806 466 837 522 ll.
1137 545 1139 550 Α
1164 468 1225 528 217

126 635 383 710 quattuorviroium
406 633 618 700 Viennensium
644 631 788 711 exempla,
812 638 906 692 aetate
929 633 1050 692 Traiani
1072 640 1153 693 certo
1172 653 1226 712 po-

125 738 175 796 tius
195 739 339 797 anteriora
361 744 431 797 sunt
453 754 541 814 quam
563 737 739 814 posteriora,
765 741 793 795 et
813 734 863 796 ille
879 737 1054 814 praesertim
1072 741 1225 812 quattuor·

126 837 174 907 vir,
202 840 248 914 qni
275 840 346 898 item
375 838 484 899 dicitur
506 837 615 898 llameu
637 839 701 898 Divi
723 839 847 915 Augusti
876 847 904 898 et
927 837 1033 898 flamen
1057 837 1226 898 Germanici

125 938 251 1010 Caesaris,
275 939 312 1000 ab
333 941 397 1018 ipsa
419 942 547 1018 Augusti
570 945 600 1000 et
622 939 791 1000 Germanioi
814 945 908 1000 aetate
931 938 1010 1000 haud
1035 940 1122 1018 longe
1147 939 1226 999 vide-

125 1047 166 1101 tur
186 1059 246 1102 esse
268 1050 410 1104 remotus.
456 1043 630 1104 1111111111
659 1048 758 1102 autem
787 1059 874 1118 quam
902 1043 1036 1102 terminis
1065 1043 1225 1120 imperato·

124 1162 181 1202 rum
202 1143 305 1204 domus
321 1145 412 1205 lullae
435 1144 471 1204 ab
496 1163 553 1204 una
576 1150 676 1223 parte,
701 1144 820 1203 Traiani
844 1149 965 1222 aparte
988 1143 1080 1204 altera
1102 1145 1226 1203 mutatio

124 1243 165 1305 illa
189 1265 244 1306 non
278 1253 376 1326 potest
410 1247 536 1312 deliniri.
588 1246 698 1306 Contra
732 1247 872 1306 Nemausi
906 1247 1049 1306 111111111
1082 1244 1226 1306 habemus

124 1346 209 1423 paullo
236 1351 314 1409 inter
344 1367 376 1409 se
399 1350 565 1428 propiores.
612 1347 744 1408 Vidimus
771 1349 962 1426 imperatoris
990 1346 1103 1408 Tiberii
1132 1354 1226 1408 aetate

124 1451 242 1510 extitisse
266 1441 487 1528 quattuorviros
510 1451 569 1510 iuri
592 1449 730 1520 dicundo,
754 1468 821 1510 cum
844 1467 903 1527 quo
924 1451 1070 1518 convenit,
1094 1449 1173 1526 quod
1196 1451 1226 1509 in

123 1567 148 1612 n.
172 1556 227 1618 120
249 1553 446 1629 antiquiorem
469 1553 597 1612 sormam
619 1550 762 1611 habemus
785 1553 850 1611 iure
873 1550 1001 1612 dicundo
1026 1557 1055 1610 et
1073 1558 1226 1629 quattuor·

123 1653 160 1710 111
180 1653 226 1713 ille
247 1655 305 1714 iuri
321 1653 449 1714 dicundo
472 1654 549 1715 tituli
572 1672 601 1713 n.
628 1658 687 1721 128
710 1653 819 1714 1111111
842 1660 887 1714 111
909 1653 1020 1713 Romae
1044 1653 1226 1714 1111111111-

121 1755 205 1829 gusti,
232 1757 303 1815 item
325 1755 415 1815 Drusi
444 1762 473 1814 et
496 1754 665 1815 Germanici
688 1756 849 1817 Caesarum
871 1755 1006 1832 ideoque
1029 1757 1155 1834 propius
1178 1775 1225 1817 ao-

75 1908 78 1914 .
122 1855 190 1914 cedit
212 1856 246 1916 ad
269 1856 377 1917 horum
400 1862 542 1926 aetatem,
573 1863 602 1918 at
630 1859 688 1918 iam
718 1857 774 1919 sub
797 1857 978 1936 Vespasiano
1009 1874 1043 1916 eo
1072 1857 1138 1918 loco
1167 1875 1226 1934 quo

122 1962 197 2021 antea
218 1959 315 2020 luerat
337 1960 521 2037 quattuorvir
544 1959 603 2018 iuri
618 1959 762 2028 dicundo,
791 1960 959 2019 invenimus
988 1961 1227 2035 quattuorvirum
1251 1968 1258 1979 '

23 2119 25 2126 ,
121 2056 152 2116 ab
180 2063 290 2124 aerario
320 2063 401 2121 iuxta
430 2066 620 2138 quaesturam
655 2067 684 2120 et
711 2059 901 2121 aedilitatem.
951 2059 1053 2136 ltaque
1086 2060 1227 2120 Nemausi

121 2177 179 2219 cum
194 2162 304 2224 Tiberii
326 2170 421 2225 aetate
437 2170 628 2240 quaesturam
651 2162 889 2238 aedilitatemque
913 2168 1032 2222 1111111
1049 2169 1128 2222 11111
1143 2168 1226 2238 quat-

120 2265 289 2326 tuorviratus
316 2267 376 2326 iuri
406 2264 550 2334 dicundo,
568 2306 570 2308 -
585 2271 719 2344 tempore
747 2265 920 2343 Vespasiani
948 2264 998 2343 qui
1031 2264 1227 2342 quattuorviri

119 2362 170 2422 iuri
191 2365 317 2427 dicundo
340 2374 426 2430 antea
447 2367 576 2434 fuerant,
600 2367 657 2426 iam
682 2366 856 2427 dicebantur
872 2367 1068 2442 quattuorviri
1091 2364 1126 2425 ab
1144 2383 1226 2424 aera-

119 2465 167 2525 rio.
210 2468 291 2540 Quae
314 2471 437 2529 mutatio
460 2470 629 2529 nominisne
658 2475 770 2530 tantum
799 2469 871 2528 luit?
916 2467 1061 2546 Equidem
1083 2485 1143 2528 111
1172 2466 1226 2526 du·

118 2562 182 2638 bito,
205 2573 276 2649 quin
300 2590 359 2632 non
382 2570 479 2632 solum
503 2569 538 2630 ad
561 2589 670 2631 nomen
692 2572 885 2651 pertinuerit,
915 2568 967 2630 sed
996 2571 1083 2629 etiam
1112 2569 1148 2629 ad
1171 2587 1226 2629 11·

118 2685 224 2731 111111
248 2681 277 2734 11
301 2673 335 2733 ad
358 2679 544 2752 potestatem.
584 2672 706 2732 Constat
728 2691 763 2733 ex
784 2670 892 2749 reliqui
913 2672 1033 2749 imperii
1049 2670 1227 2748 oppidorum

118 2769 352 2852 inscriptionibus
376 2783 405 2834 11
427 2794 463 2834 111
485 2775 581 2853 ipsius
603 2773 807 2834 Narbonensis
835 2774 1004 2852 provinciae
1031 2769 1140 2840 titulis,
1165 2789 1225 2839 eos,

119 2875 163 2947 qui
189 2875 363 2937 dicebantur
392 2876 588 2954 quattuorviri
616 2877 676 2935 iuri
703 2873 846 2944 dicundo,
877 2892 937 2933 non
967 2878 1106 2949 quattuor
1134 2873 1226 2932 luisse

118 2991 240 3038 summos
262 2979 454 3056 magistratus
477 2978 528 3038 sed
550 2977 625 3037 duos
648 2983 677 3036 et
694 2977 916 3052 quattuorviros
939 2974 1006 3033 ideo
1029 2979 1144 3033 tantum
1160 2991 1226 3032 esse

117 3077 384 3156 appellatos„quod
408 3087 437 3140 et
458 3081 516 3158 ipsi
539 3086 568 3138 et
591 3078 701 3139 aediles
724 3079 808 3159 quasi
830 3083 971 3154 quattuor
987 3073 1118 3151 collegae
1141 3080 1227 3133 erant

117 3177 169 3237 iuri
191 3179 322 3242 dicundo
345 3182 517 3261 praepositi,
540 3182 580 3240 ita
603 3188 712 3249 tamen,
736 3186 769 3240 ut
792 3196 976 3239 summorum
999 3177 1226 3252 magistratuum

117 3278 274 3343 iurisdictio
300 3290 329 3343 11
355 3285 454 3362 potior
484 3289 562 3342 esset
589 3299 678 3359 quam
707 3281 845 3342 aedilium
873 3287 901 3340 et
923 3280 1096 3358 gravissima
1119 3279 1227 3339 summi

116 3383 300 3458 magistratus
321 3403 400 3463 pars,
424 3383 580 3444 aedilitatis
604 3402 673 3443 vero
697 3384 794 3443 minor
808 3401 878 3462 pars
894 3388 1063 3441 versaretur
1085 3382 1115 3441 11
1137 3381 1225 3440 iuris·
1266 3449 1270 3456 ¹

117 3479 252 3556 dictione,
278 3505 337 3564 qua
359 3487 423 3564 ipsa
445 3505 478 3546 re
501 3486 611 3546 laetum
635 3491 694 3554 est,
724 3493 757 3544 ut
785 3486 835 3562 qui
858 3484 917 3544 duo
941 3501 1073 3543 summae
1095 3485 1139 3542 rei
1161 3501 1226 3543 mu·

116 3583 229 3663 nioipali
255 3595 431 3666 praeerant,
463 3605 545 3647 mere
574 3587 747 3647 dicerentur
776 3586 972 3664 quattuorviri
1000 3585 1058 3644 iuri
1086 3584 1225 3672 dicundo,

116 3684 218 3746 aediles
240 3687 342 3750 autem
364 3689 452 3768 pleno
476 3691 596 3750 nomine
620 3689 817 3766 quattuorviri
838 3689 897 3748 iuri
920 3686 1048 3747 dicundo
1076 3684 1226 3747 aediliciae

114 3792 270 3862 potestatis.
317 3791 377 3851 lam
401 3809 470 3852 vero
495 3793 546 3868 qui
567 3792 739 3870 Vespasiani
762 3795 856 3850 aetate
872 3789 1011 3850 Nemausi
1033 3789 1115 3848 iuxta
1136 3804 1225 3865 quae-

115 3894 205 3951 stores
233 3891 404 3970 aedilesque
433 3900 518 3955 erant
545 3893 742 3970 quattuorviri
769 3891 805 3953 ab
834 3893 964 3960 aerario,
1002 3907 1106 3949 revera
1142 3895 1226 3948 erant

115 4000 262 4066 quattuor,
291 4013 353 4056 non
376 3995 449 4065 duo,
480 4012 624 4058 numerus
652 3994 742 4071 igitur
770 3994 995 4070 magistratuum
1025 3996 1089 4051 erat
1111 3995 1224 4080 auctus,

116 4091 232 4172 eiusque
260 4097 432 4158 mutationis
461 4099 561 4176 ipsum
589 4114 697 4156 nomen
725 4093 836 4154 indicat
867 4113 930 4154 eam
958 4093 1051 4153 luisse
1079 4107 1224 4159 caussam,

115 4195 187 4270 quod
210 4216 284 4257 cura
308 4200 415 4259 aerarii
437 4200 560 4259 summis
582 4195 804 4275 magistratibus
825 4201 940 4255 tantum
959 4193 1071 4270 negotii
1086 4197 1226 4270 coeperat

113 4294 268 4370 lacessere,
285 4306 318 4359 ut
332 4298 545 4360 iurisdictionis
561 4299 678 4359 memori
693 4299 751 4357 iam
767 4314 827 4355 non
843 4296 1029 4360 sufficerent;
1055 4299 1157 4352 contra
1174 4294 1226 4369 qui

113 4396 165 4457 iam
186 4401 314 4461 instituti
337 4409 406 4461 sunt
429 4401 639 4478 quattuorviri,
669 4406 698 4459 et
719 4397 917 4458 iurisdictioni
944 4392 1088 4456 vacabant
1116 4402 1145 4455 11
1172 4394 1222 4454 ad·
