3184 5162
554 485 640 542 Plus
663 486 681 542 Ι.
727 483 833 540 CAPVT
857 486 875 540 1.
1231 487 1271 550 57

145 656 269 736 quidem
299 661 364 717 erat
399 653 435 715 ab
465 655 584 737 antiqua
612 653 814 715 Romanorum
847 656 878 716 in
907 653 1023 734 oppidis
1057 653 1272 718 constituendis

145 762 263 821 ratione
287 758 482 841 propriorum
502 759 728 838 magistratuum
751 758 780 817 in
805 756 923 838 oppidis
946 757 1053 817 civium
1068 755 1271 820 Romanorum

145 863 327 930 institutum,
351 866 385 920 ut
406 877 482 938 quae
505 859 787 920 administrarentur
814 866 865 920 aut
893 877 908 919 a
935 858 1155 937 magistratibus
1178 859 1267 921 urba·

147 965 195 1026 nis
218 971 307 1024 anta
330 962 491 1041 praelectis
513 963 571 1022 iuri
593 960 721 1022 dicundo
745 979 780 1021 ex
803 960 879 1022 urbe
901 963 1014 1031 missis,
1038 967 1069 1021 at
1090 963 1166 1022 sicut
1189 965 1266 1023 eius·

146 1066 229 1128 modi
252 1065 516 1126 administrationis
538 1062 760 1125 difficultatibus
784 1070 813 1124 et
835 1062 1030 1125 incommodis
1050 1067 1178 1144 permoti
1200 1072 1270 1126 sunt

119 1149 283 1234 'Romani
308 1173 341 1227 ut
363 1172 431 1245 post
453 1165 565 1228 bellum
587 1166 746 1228 Marsicum
768 1166 905 1227 omnibus
929 1166 1045 1246 oppidis
1067 1165 1175 1228 Italicis
1196 1186 1266 1247 pro·

145 1273 230 1351 prins
254 1268 455 1330 concederent
476 1269 679 1346 magistratus,
708 1270 749 1329 ita
778 1267 953 1346 quibusdam
982 1268 1098 1348 oppidis
1119 1271 1178 1331 iam
1201 1276 1269 1330 ante

56 1362 62 1368 ’
146 1371 301 1434 Sullanam
324 1376 448 1432 aetatem
473 1377 684 1432 concesserant
704 1369 761 1431 boc
789 1371 987 1432 cornmodum.
1034 1360 1206 1444 Quae'oum
1228 1375 1268 1433 ita

146 1477 217 1543 sint,
241 1473 380 1536 Narbone
403 1485 478 1534 cum·
493 1479 649 1552 praetores
671 1473 858 1534 inveniamus
880 1479 976 1536 aetate
997 1474 1137 1552 Augusti,
1161 1474 1267 1535 dnum·

146 1578 228 1638 viros
251 1577 281 1636 in
303 1562 549 1656 inscriptionibus
571 1576 703 1652 Augusto
724 1575 951 1654 posterioribus
974 1583 1129 1655 praetores
1151 1575 1268 1637 illinon

145 1677 246 1742 solum
270 1679 452 1757 antiquiores
475 1683 545 1738 sunt
568 1677 741 1747 duumviris,
765 1676 817 1738 sed
840 1678 987 1740 recedunt
1009 1680 1096 1740 etiam
1119 1677 1154 1738 ad
1178 1681 1267 1758 origi·

145 1801 218 1843 nem
241 1779 383 1849 coloniae,
407 1779 535 1858 ideoque
558 1798 627 1840 cum
650 1797 685 1839 ex
708 1781 809 1859 priore
827 1780 1031 1842 Romanorum
1053 1781 1269 1845 consuetudine

144 1884 340 1960 magistratus
362 1880 565 1944 Narbonensis
595 1883 657 1941 vice
687 1883 770 1960 fungi
798 1880 922 1942 deberet
949 1901 1072 1961 praeses
1099 1885 1269 1962 provinciae

145 1987 212 2046 sive
238 1984 408 2063 praefectus
436 1983 473 2045 ab
503 2003 538 2044 eo
560 1985 727 2053 iustitutuS,
758 1983 826 2042 lmic
855 2000 974 2062 quoque
1004 1983 1137 2045 coloniae
1157 1984 1269 2058 ¹eadem

143 2082 325 2148 liberalitate
364 2092 452 2163 atque
487 2070 667 2147 Castronovo
708 2091 737 2145 et
770 2085 884 2153 Cumis,
924 2087 1040 2164 proprii
1079 2086 1269 2163 magistratus

145 2194 221 2251 scrut
249 2187 393 2250 concessi.
403 2182 438 2268 46)
484 2187 578 2260 Quam
606 2187 815 2252 liberalitatem
842 2184 1050 2266 Mommseu47)
1079 2187 1269 2266 popularium

145 2291 255 2352 tribuit
277 2289 418 2358 consiliis,
442 2291 494 2368 qui
517 2296 549 2349 ut
571 2292 692 2351 omnino
716 2289 878 2350 condendis
908 2289 1031 2350 coloniis
1053 2291 1268 2360 transmarinis,

144 2391 341 2473 propaganda
369 2393 484 2453 civitate
507 2391 654 2462 Romana,
684 2391 884 2472 propagandis
914 2393 1056 2454 institutis
1084 2391 1269 2471 municipali·

145 2496 208 2557 bus
230 2495 329 2556 acrius
344 2495 517 2564 institerint,
540 2495 580 2555 ita
603 2493 727 2554 coloniis
744 2495 974 2573 municipiisque
990 2495 1123 2574 ipsorum
1139 2493 1270 2574 impulsu

145 2595 276 2666 conditis
299 2614 337 2656 ne
360 2595 560 2676 splendidiora
589 2595 707 2676 quidem
736 2597 963 2674 magistratuum
985 2595 1188 2658 Romanorum
1216 2617 1269 2658 uo·

62 2749 64 2753 .
143 2700 229 2762 mina
251 2697 420 2760 inviderint.
467 2697 552 2770 Quod
581 2700 774 2777 propriorum
803 2700 1029 2776 magistratuum
1055 2701 1102 2759 ius
1130 2717 1190 2762 non
1213 2701 1268 2762 im·

144 2799 272 2882 pedivit,
293 2817 352 2876 quo
373 2802 473 2861 minus
490 2799 592 2879 populi
605 2798 731 2862 Romani
743 2802 842 2860 omnia
861 2802 926 2860 iura
937 2802 1131 2878 institutaque
1147 2799 1272 2862 baberet

143 2923 182 2965 ea
208 2901 338 2971 colonia,
367 2900 471 2982 populi
492 2902 617 2963 Romani
645 2900 761 2979 legibus
789 2910 868 2963 esset
896 2903 1031 2970 astricta,
1063 2903 1270 2964 communibus

141 3003 254 3086 populi
274 3004 400 3065 Romani
418 3006 562 3074 nummis,
590 3021 651 3064 non
673 3005 804 3083 propriis
826 3009 978 3072 uteretur,
1003 3022 1057 3081 pro
1079 3003 1195 3080 integra
1218 3003 1269 3064 de·

142 3109 239 3186 nique
261 3107 380 3186 imperii
402 3106 527 3168 Romani
549 3111 634 3184 parte
658 3111 752 3173 esset;
782 3112 871 3182 atque
901 3122 1006 3166 eorum
1028 3106 1163 3184 ipsorum
1186 3107 1269 3186 oppi-

143 3209 257 3270 dorum
281 3206 417 3287 exemplo
441 3208 567 3270 Romani
589 3207 759 3268 didicerunt
787 3208 827 3268 ita
852 3208 1012 3268 instituere
1035 3205 1150 3285 singula
1173 3209 1270 3268 muni·

143 3311 240 3390 cipia,
274 3317 306 3371 ut
333 3317 363 3369 et
393 3316 494 3390 partes
521 3311 640 3390 imperii
668 3317 768 3370 essent
798 3315 828 3369 et
849 3307 1064 3388 rempublicam
1086 3307 1271 3370 haberenta

143 3413 301 3474 communi
328 3411 481 3491 republica
505 3411 673 3473 distinctam
697 3413 758 3472 sive
780 3417 813 3471 ut
842 3410 944 3472 eadem
973 3411 1155 3481 iurisdictio,
1183 3428 1271 3489 quarn

144 3521 238 3577 antea
264 3513 380 3594 publici
407 3515 598 3592 magistratus
625 3512 733 3575 urbani
759 3512 811 3574 'vel
839 3512 1036 3592 provinciales
1064 3521 1269 3584 exercuerant,

142 3619 208 3678 iam
231 3633 285 3694 per
308 3633 424 3677 annuos
446 3617 638 3694 magistratus
660 3614 855 3694 municipales
883 3621 1084 3676 exerceretur.
1131 3615 1271 3677 Ceterum

143 3717 185 3780 ad
209 3736 283 3796 quas
305 3735 354 3778 res
377 3718 557 3796 pertinuerit
578 3717 652 3778 haec
675 3715 897 3797 municipalium
924 3719 1151 3796 magistratuum
1174 3725 1203 3778 et
1224 3719 1270 3780 iu·

141 3817 281 3882 risdictio
305 3826 334 3879 et
357 3819 588 3889 administratio,
613 3822 663 3897 qui
686 3827 805 3900 praeter
828 3818 894 3880 illos
916 3827 1071 3899 praetores
1094 3819 1143 3881 alii
1166 3821 1270 3880 extite-

142 3923 210 3985 rint
232 3923 365 3982 minores
389 3923 589 4001 magistratus,
614 3938 691 4001 quae
713 3921 769 3983 alia
791 3922 904 3985 luerint
922 3923 1055 3986 instituta
1071 3920 1270 4001 municipalia,

217 4189 261 4256 46)
286 4192 365 4255 Quae
389 4193 532 4245 succincte
550 4192 774 4260 deprecatoribus
792 4192 838 4243 hic
856 4192 983 4258 exposite
1001 4196 1077 4256 sunt,
1102 4190 1206 4258 largius
1219 4190 1271 4241 'de-

142 4281 302 4330 monstrata
320 4278 407 4328 habes
426 4279 456 4328 in
473 4277 670 4330 dissertatione
688 4293 751 4329 mea
774 4279 806 4329 de
827 4277 991 4344 praetoribus
1010 4278 1074 4328 Gall.
1094 4274 1175 4329 Narb.
1195 4277 1271 4326 mani-

142 4361 280 4428 cipalitus.
309 4363 416 4427 Lipsiae
434 4365 512 4414 18⁶2.

125 4485 141 4516 .·
216 4444 261 4511 47)
280 4445 432 4499 Bullettino
451 4447 572 4502 ereheol.
591 4449 657 4500 1862
675 4463 702 4516 p.
720 4449 762 4500 54.
