3184 5162
356 477 397 538 20
816 473 1015 532 PROOEMlVM.

358 649 452 711 esset,
476 642 602 702 Romani
624 659 683 702 non
707 640 890 719 cogitabant,
915 640 967 700 sed
991 659 1026 700 eo
1049 611 1142 717 magis
1164 658 1279 700 summo
1301 639 1404 718 rigore
1429 642 1475 700 in·

357 742 518 812 sistebant,
542 749 575 802 ut
598 742 679 804 ltalia
699 744 759 803 iam
781 742 925 820 denegata
948 749 1028 803 esset
1050 741 1168 803 Gallicis
1190 741 1341 820 gregibus.
1379 747 1477 821 Atque

356 846 395 905 ita
418 847 475 906 iam
498 847 611 906 tractus
634 862 699 906 esse
721 842 837 904 videtur
859 843 1123 922 Transalpinorum
1145 845 1175 903 in
1198 842 1310 904 ltaliam
1332 845 1475 921 impetus,

357 953 390 1008 ut
413 966 473 1007 non
495 946 622 1025 amplius
644 945 714 1006 belli
736 945 895 1015 inferendi,
920 945 972 1005 sed
994 953 1114 1025 pacatas
1135 953 1249 1006 tantum
1272 945 1360 1006 sedes
1382 963 1474 1024 quae·

356 1048 443 1108 rendi
466 1067 571 1110 caussa
594 1047 737 1125 quaedam
760 1055 865 1124 gentes
887 1047 976 1125 Alpes
1003 1046 1172 1124 transgredi
1195 1053 1390 1115 conarentur,
1415 1053 1475 1106 tam

356 1149 485 1210 demissa
507 1156 624 1218 mente,
648 1157 681 1209 ut
703 1149 817 1224 veniam
841 1155 964 1210 conatus
986 1156 1124 1227 peterent
1146 1167 1161 1208 a
1185 1148 1333 1208 Romanis.
1377 1149 1414 1208 tt
1437 1165 1476 1206 ne

356 1249 415 1310 boc
430 1251 549 1328 quidem
565 1253 602 1312 iis
618 1268 793 1310 concessum
813 1257 872 1318 est;
896 1268 963 1310 nam
980 1250 1055 1310 duos
1071 1249 1214 1310 eiusmodi
1231 1256 1354 1309 conatus
1369 1267 1394 1308 3.
1414 1253 1475 1314 186

359 1358 389 1410 et
417 1358 477 1418 179
506 1352 599 1412 laetos
626 1351 752 1413 Romani
778 1353 820 1411 ita
847 1351 1036 1430 repulerunt,
1072 1359 1105 1411 nt
1130 1353 1187 1430 ipsi
1215 1358 1298 1410 trans
1320 1349 1410 1428 Alpes
1438 1348 1475 1408 de

357 1471 390 1513 ea
410 1471 444 1514 re
468 1455 620 1514 mitterent
642 1455 787 1514 rationem
808 1453 932 1532 petituri
953 1472 969 1512 a
992 1452 1177 1532 principibus
1200 1470 1301 1513 earum
1323 1452 1474 1511 civitatum

355 1555 587 1632 auctoribusque
611 1554 757 1614 eiusmodi
779 1553 981 1615 consiliorum.
994 1550 1030 1632 61)

440 1656 504 1727 Qua
533 1657 649 1717 ratione
679 1656 789 1718 iactum
819 1662 878 1725 est,
908 1665 941 1716 ut
969 1655 1068 1717 Celtae
1097 1673 1230 1735 quoque,
1262 1656 1340 1715 sicut
1368 1654 1474 1714 Massi·

354 1758 473 1826 lienses,
497 1756 532 1817 ad
557 1764 654 1818 certos
677 1758 820 1835 quosdam
843 1758 917 1817 troes
939 1757 1055 1819 reducti
1070 1765 1259 1834 cogerentur,
1284 1758 1474 1816 circumscri-

353 1866 421 1938 ptas
442 1878 512 1920 suas
534 1858 621 1919 sedes
642 1877 716 1938 pace
739 1858 840 1918 colere
864 1858 949 1919 etad
972 1859 1107 1938 proxima
1128 1876 1263 1937 quaeque
1278 1859 1387 1938 potius,
1401 1875 1473 1917 ocu·

354 1961 399 2021 los
422 1968 597 2021 convertere
622 1979 710 2040 quam
734 1961 770 2020 ad
798 1959 1004 2039 expeditiones
1033 1967 1180 2020 externas.
1226 1960 1288 2020 lam
1310 1978 1381 2019 vero
1404 1976 1474 2018 cum

352 2063 405 2131 iis,
436 2065 486 2141 qui
514 2069 573 2122 tam
596 2061 655 2122 late
678 2061 833 2139 bucusque
856 2064 952 2140 vagati
975 2069 1075 2131 erant,
1092 2063 1182 2144 intra
1210 2061 1284 2120 fines
1312 2059 1473 2120 admodum

354 2172 495 2240 angustos
517 2162 723 2242 quaerendum
752 2170 848 2233 esset,
872 2183 932 2242 quo
954 2165 1079 2242 quisque
1102 2163 1190 2224 modo
1217 2162 1373 2223 commode
1400 2179 1472 2220 con·

353 2265 472 2334 sideret‚
497 2273 640 2344 perpetua
663 2264 741 2326 bella
763 2266 842 2324 inter
866 2283 917 2324 eos
939 2266 1032 2326 luisse
1048 2265 1209 2325 coniceres
1249 2253 1335 2335 Quod
1350 2265 1474 2323 minime

352 2365 470 2425 ridetur
498 2365 655 2425 accidisse:
685 2367 776 2425 immo
806 2385 874 2448 cum
902 2384 999 2445 neque
1024 2365 1224 2426 Massilienses
1252 2364 1474 2425 mediterranea

352 2464 463 2526 Galliae
486 2483 634 2545 ocerrpare
663 2465 838 2535 tenderent,
867 2485 964 2544 neque
987 2467 1087 2528 Celtae
1115 2469 1261 2529 maritima
1291 2474 1475 2545 usurparent

353 2567 546 2636 commercia,
569 2567 680 2627 lactum
704 2575 764 2636 est,
793 2575 827 2627 ut
855 2577 958 2630 mutua
985 2570 1063 2630 inter
1085 2570 1215 2630 Graecos
1238 2576 1268 2628 et
1290 2567 1390 2629 Gallos
1414 2585 1475 2650 par

352 2685 412 2727 non
442 2666 615 2727 turbaretur
643 2675 732 2747 atque
760 2685 819 2746 quo
851 2686 986 2750 quaeque
1015 2670 1125 2731 Gallica
1158 2687 1233 2747 gens
1260 2672 1384 2749 propior
1409 2676 1475 2728 erat

351 2768 513 2839 Massiliae,
543 2788 579 2829 eo
607 2771 700 2846 magis
729 2771 859 2848 speciem
881 2771 986 2832 saltem
1009 2771 1156 2850 quandam
1180 2771 1285 2831 Graeci
1307 2771 1401 2830 moris
1424 2789 1472 2829 as·

351 2879 491 2930 sumeret.
538 2870 599 2931 Nos
620 2889 691 2930 vero
714 2890 781 2931 cum
805 2870 902 2932 adbuc
919 2872 1175 2951 descripserimus
1200 2890 1259 2950 quo
1282 2871 1370 2932 modo
1385 2876 1470 2931 utra·

350 2989 408 3049 que
431 2973 510 3032 natio
533 2973 619 3033 sedes
643 2991 711 3034 suas
733 2974 889 3043 invenerit,
915 2993 950 3034 eo
973 2975 1032 3034 iam
1053 2974 1298 3053 progrediemur,
1322 2978 1355 3032 ut
1378 2991 1472 3051 expo·

349 3091 470 3143 namus,
500 3092 577 3152 quae
600 3075 755 3153 utriusque
784 3075 876 3135 suerit
898 3075 1034 3135 condicio
1063 3082 1091 3135 et
1114 3093 1187 3153 quas
1210 3073 1369 3134 habuerint
1391 3075 1473 3134 inter

349 3192 382 3234 se
405 3177 576 3235 commercii
599 3178 743 3246 rationes,
774 3176 832 3237 boc
860 3176 948 3236 modo
970 3178 1128 3254 imaginem
1152 3175 1249 3235 daturi
1272 3175 1383 3235 Galliae
1407 3193 1472 3235 me·

349 3274 512 3344 ridionalis,
536 3275 632 3354 qualis
654 3277 745 3337 suerit
767 3296 783 3336 3
805 3286 926 3356 peracto
950 3279 1013 3337 lere
1035 3277 1166 3337 secundo
1188 3277 1266 3337 bello
1282 3276 1395 3338 Punico
1422 3296 1473 3338 us·

350 3392 408 3454 que
431 3375 467 3435 ad
489 3375 692 3438 Romanorum
714 3380 744 3438 in
767 3377 824 3438 bac
845 3381 967 3457 regione
989 3377 1156 3439 adventum.

433 3477 543 3553 Atque,
578 3482 612 3536 ut
637 3479 814 3557 incipiamus
842 3499 858 3538 3
887 3480 1023 3549 Graecis,
1057 3482 1189 3540 omnium
1221 3481 1352 3559 primum
1387 3499 1472 3542 com·

348 3594 469 3637 mrmem
493 3577 675 3639 Graecarum
704 3579 889 3640 coloniarum
918 3581 1063 3641 rationem
1093 3589 1121 3641 et
1150 3581 1399 3641 consuetudinem
1423 3580 1474 3643 hic

349 3695 467 3755 quoque
489 3680 665 3739 invenimus.
712 3681 817 3741 Graeci
833 3683 911 3741 enim
927 3682 1004 3742 sicut
1023 3699 1170 3760 nusquam
1192 3683 1230 3741 ita
1248 3681 1381 3742 colonias
1397 3702 1472 3744 con·

348 3778 497 3847 diderunt,
522 3787 554 3839 ut
578 3781 736 3840 territoriis
759 3782 939 3861 occupandis
962 3789 992 3840 et
1014 3785 1114 3860 regnis
1131 3783 1347 3843 constituendis
1369 3786 1471 3847 inser·

346 3881 453 3948 virent,
476 3881 515 3940 ita
538 3898 576 3940 ne
599 3880 716 3959 publica
741 3884 860 3960 quidem
882 3885 1017 3942 instituta
1040 3901 1093 3943 sua
1116 3902 1182 3943 cum
1205 3883 1270 3944 aliis
1286 3901 1376 3960 quam
1401 3907 1472 3948 cum

347 3981 470 4042 Graecis
493 3984 715 4043 communicare
742 4003 874 4062 unquam
903 3983 1090 4044 studuerunt.
1135 3985 1238 4063 ltaque
1265 3984 1475 4062 Massilienses

346 4082 490 4143 tenebant
512 4083 632 4161 quidem
655 4101 759 4144 omnes
781 4084 847 4144 illas
869 4101 945 4161 quae
968 4102 983 4143 3
1007 4084 1134 4145 Massilia
1155 4086 1299 4162 originem
1325 4099 1474 4166 ceperant

346 4185 479 4246 colonias
507 4186 635 4247 Graecas
663 4185 829 4245 arctissime
858 4184 915 4244 sibi
942 4185 1058 4245 iunctas
1086 4185 1294 4265 habebantque
1322 4186 1474 4252 barbaros

413 4405 456 4469 68)
476 4404 537 4457 Liv.
557 4406 603 4461 39,
622 4406 663 4452 22.
682 4405 715 4452 54
733 4416 774 4464 sq.
798 4403 841 4464 40,
859 4404 901 4452 53.
937 4400 1101 4466 Mommsen,
1119 4402 1152 4452 R.
1170 4403 1202 4453 G.
1223 4407 1249 4466 1,
1269 4405 1328 4457 643.
