3148 5160
507 467 593 526 PKRS
615 470 644 525 ll.
690 469 797 528 GAPVT
819 471 849 528 H.
1177 479 1233 540 191

128 633 350 712 municipiorum
377 633 457 694 idem
485 634 601 697 uidetur
627 633 780 716 11111190)
825 637 886 698 lam
914 657 984 699 vero
1008 657 1044 698 ex
1066 641 1237 718 inscriptio·

127 735 207 796 nibus
229 737 338 796 nostris
362 737 510 806 videmus,
533 755 651 798 merum
673 739 884 801 decurionatus
912 739 1055 802 honorem
1084 743 1237 802 rarissime

127 839 346 900 commemorari
367 838 457 917 idque
480 838 516 898 ab
538 838 710 900 hominibus
738 843 789 918 qui
819 850 869 903 aut
897 861 913 901 e
942 845 1005 924 vico
1033 843 1092 903 orti
1118 844 1237 922 inipso

126 939 280 1019 municipio
304 958 339 1000 eo
361 958 487 1001 munere
509 940 710 1019 iungebantur
734 941 809 1023 (app.
833 963 883 1004 nu.
901 949 972 1010 543.
996 949 1068 1010 544.
1093 943 1163 1023 565)
1188 951 1238 1005 aut

125 1039 306 1118 inpluribus
329 1042 447 1121 oppidis
476 1041 513 1103 ad
542 1061 609 1104 eum
635 1041 782 1106 honorem
811 1053 896 1106 erant
923 1044 1045 1106 admissi
1073 1045 1139 1126 (nn.
1163 1051 1235 1111 112.

126 1141 194 1221 113)
225 1148 277 1204 aut
302 1143 450 1205 incolatus
472 1145 646 1204 nomine-in
675 1147 788 1207 curiam
817 1146 914 1207 allecti
938 1147 983 1228 (u.
1009 1145 1102 1224 453),
1133 1155 1184 1208 aut
1213 1149 1238 1207 si

125 1243 202 1304 cuius
225 1245 328 1323 oppidi
349 1245 465 1308 incolae
488 1251 586 1316 eraut,
616 1246 748 1307 indicant
769 1266 801 1308 se
829 1250 859 1308 in
882 1251 979 1328 patria
1001 1249 1036 1309 ad
1060 1248 1236 1310 decuriona-

125 1348 168 1404 tus
188 1345 313 1422 gradum
336 1365 403 1408 esse
426 1355 543 1408 evectos
567 1346 605 1427 (n.
631 1347 720 1426 312),
745 1357 795 1409 aut
819 1350 927 1420 abile,
952 1353 1004 1429 qui
1026 1351 1237 1411 ornamentarii

124 1450 229 1508 tantum
254 1456 340 1508 eraut
362 1447 539 1510 decuriones
563 1448 817 1529 (11.111-114.
838 1449 1031 1528 183-188),
1054 1455 1073 1511 i·
1092 1470 1116 1512 e·
1141 1451 1178 1512 ab
1200 1453 1237 1537 iis

124 1548 316 1622 potissimum,
347 1551 398 1626 qui
427 1548 524 1627 aliqua
548 1550 783 1612 extraordinaria
812 1559 896 1612 erant
918 1553 1101 1615 condicione.
1148 1553 1238 1616 Cuius

123 1649 163 1709 rei
184 1668 288 1712 caussa
310 1653 341 1711 in
363 1670 400 1712 eo
424 1659 488 1712 erat
515 1653 626 1731 posita,
657 1651 735 1729 quod
763 1655 896 1732 receptio
922 1656 953 1714 in
979 1654 1079 1716 album
1104 1653 1236 1734 plerum-

124 1765 176 1826 que
204 1751 386 1829 sequebatur
418 1761 536 1830 gestum
568 1753 703 1814 intimum
738 1754 883 1816 honorem
917 1756 1141 1837 municipalem,
1177 1759 1237 1816 sive

123 1859 308 1928 quaesturam
332 1855 394 1914 sive
416 1854 613 1924 aedilitatem;
638 1855 718 1915 unde
740 1857 851 1916 factum
874 1863 935 1927 est,
965 1865 998 1918 ut
1026 1858 1237 1920 decurionatus

121 1955 209 2018 maior
225 1955 352 2036 quidem
376 1965 455 2018 esset
476 1955 573 2020 honor
596 1974 685 2035 quarn
708 1964 867 2035 quaestura
891 1966 920 2017 et
941 1959 1153 2020 Nemausensis
1175 1958 1235 2029 ille,

122 2057 167 2131 qui
188 2055 267 2119 ultra
290 2064 481 2137 quaesturam
504 2077 564 2119 non
587 2065 742 2138 promotus
766 2051 826 2128 est,
850 2064 1040 2139 quaestorem
1069 2079 1101 2120 se
1124 2061 1237 2121 diceret

120 2165 146 2216 et
164 2159 353 2220 decurionem
376 2158 415 2240 (o.
434 2160 521 2240 145),
545 2162 567 2219 ii
589 2167 687 2221 autem
711 2161 762 2237 qui
784 2160 820 2220 ad
843 2161 1017 2224 ulteriorem
1038 2168 1236 2240 pervenerant

120 2259 237 2334 gradum
263 2261 545 2338 duumviratumque
566 2270 738 2340 gesserant,
763 2261 987 2324 decurionatum
1003 2269 1138 2324 tacerent
1151 2261 1235 2324 illum

42 2399 46 2408 -
121 2361 202 2422 modo
225 2363 374 2426 honorem
396 2365 585 2442 profitentes
615 2365 666 2443 qui
689 2372 719 2424 et
740 2365 835 2425 maior
859 2371 922 2425 erat
945 2372 974 2425 et
994 2367 1142 2426 minorem
1165 2383 1235 2425 con·

120 2463 241 2534 tinebat;
269 2483 338 2527 cum
362 2483 430 2525 vero
454 2467 545 2526 annui
568 2474 669 2526 essent
684 2467 889 2543 magistratus,
913 2464 1000 2544 louge
1020 2467 1147 2528 maxima
1167 2485 1236 2546 pars

121 2581 233 2635 eorum,
259 2567 312 2642 qui
334 2573 495 2644 quaestura
526 2573 612 2627 erant
637 2568 746 2636 iuncti,
776 2567 811 2626 ad
835 2567 1055 2629 duumviratum
1078 2587 1235 2647 promove·

119 2663 210 2728 batur.
257 2667 459 2744 Consequitur
482 2685 564 2745 ergo,
589 2668 784 2730 decurionum
806 2670 917 2748 gradus
938 2689 999 2731 non
1022 2671 1133 2740 solum,
1157 2670 1236 2747 quod

118 2763 172 2828 huc
203 2788 267 2831 non
299 2771 448 2848 pertinet,
482 2771 547 2830 iure
581 2769 724 2831 dicendae
761 2773 940 2840 sententiae,
976 2772 1028 2831 sed
1066 2773 1154 2832 etiam
1191 2771 1235 2830 di-

20 2927 21 2930 ,
94 2869 223 2944 gnitate
253 2889 321 2931 esse
350 2871 520 2940 distinctos,
550 2889 626 2947 quae
658 2871 785 2949 dignitas
812 2872 962 2950 pendebat
990 2891 1006 2932 e
1033 2870 1126 2949 gradu
1159 2873 1236 2949 gesti

117 2966 251 3042 honoriS,
279 2973 422 3048 quivero
446 2971 596 3050 simplices
619 2980 704 3035 erant
725 2973 916 3041 decuriones,
947 2991 999 3032 eos
1022 2973 1142 3032 nonnisi
1164 2990 1232 3032 cen·

117 3073 160 3130 sui
177 3072 325 3135 honorem
342 3073 490 3135 debuisse.
528 3073 591 3134 Alia
610 3093 679 3134 vero
697 3074 823 3152 dignitas
840 3093 873 3134 re
897 3072 1018 3152 quidem
1041 3080 1070 3133 et
1092 3090 1159 3132 cum
1183 3073 1234 3133 de·

117 3175 274 3236 curionatu
298 3182 327 3235 et
349 3194 417 3236 cum
432 3173 556 3254 reliquis
578 3174 742 3237 honoribus
763 3177 876 3244 iuncta,
901 3173 1009 3236 caussa
1022 3181 1121 3235 tamen
1139 3173 1175 3234 ab
1197 3175 1235 3235 iis

116 3273 227 3337 diversa
243 3284 309 3337 erat
325 3295 443 3345 eorum,
469 3278 519 3355 qui
535 3284 585 3337 aut
601 3277 740 3357 adscripti
763 3284 848 3338 erant
867 3279 997 3355 quinque
1014 3276 1143 3338 decuriis
1157 3276 1233 3337 iudi-

117 3393 179 3437 cum
203 3376 339 3456 legitime
361 3378 474 3438 Romae
496 3377 734 3459 iudicantiumffl)
765 3385 816 3440 aut
838 3378 874 3439 ab
896 3377 1129 3458 imperatoribus
1158 3396 1234 3457 equo

116 3477 231 3554 publico
256 3488 343 3540 erant
364 3479 502 3542 honorati
531 3483 592 3541 sive
618 3481 653 3542 ad
683 3488 838 3558 equestres
865 3481 984 3542 militias
1012 3480 1148 3552 admissi,
1177 3499 1235 3560 qua

178 3735 222 3801 90)
249 3734 486 3787 Commemoratur
507 3735 682 3806 Primepist.
702 3738 791 3798 1,19.
826 3737 937 3788 Ρ11111.
958 3735 1042 3790 Satir.
1061 3753 1086 3790 o.
1104 3738 1151 3802 44,
1171 3753 1234 3803 sup-

113 3821 222 3882 ponitur
241 3822 273 3871 in
292 3821 464 3884 quarundam
477 3820 643 3871 muletarum
655 3821 734 3871 modo
755 3821 805 3871 cfr.
817 3821 942 3884 Rudorff,
962 3836 1045 3872 roem.
1058 3821 1234 3873 Feldmesser

114 3903 213 3966 1141.
233 3917 261 3956 n.
281 3906 323 3956 43.
358 3904 521 3972 Marquardt
540 3905 649 3970 quidem
668 3904 835 3968 (Handbuch
859 3905 907 3956 der
929 3921 1011 3956 roem.
1029 3905 1149 3956 Altorth.
1168 3907 1199 3969 3,
1218 3909 1232 3955 1

113 4001 138 4051 Ρ.
150 3989 210 4055 367)
231 3989 352 4053 dubitat,
370 4005 435 4040 uum
454 4003 486 4040 ex
503 3993 560 4040 tom
577 3991 676 4054 paucis
694 3989 826 4055 exemplis
846 3991 995 4041 communis
1013 3990 1112 4056 regula
1132 3990 1234 4040 consti·

113 4074 215 4138 tuatnr3
236 4079 267 4125 at
286 4075 395 4125 etiamsi
413 4076 443 4124 in
460 4075 611 4126 maioribus
623 4075 821 4139 ditioribusque
833 4075 991 4140 municipiis
1005 4078 1114 4124 cent-um
1129 4072 1233 4124 milium

113 4161 176 4209 sest.
191 4175 294 4210 census
307 4161 387 4226 parvi
399 4161 608 4220 aestimabatur,
622 4162 714 4210 tamen
726 4159 797 4209 haec
810 4159 947 4224 proprium
958 4159 1064 4209 minimi
1077 4172 1174 4208 census
1186 4157 1231 4208 de-

113 4243 264 4295 curionalis
281 4245 389 4295 modum
406 4245 556 4296 habuerint
576 4259 630 4294 non
646 4240 761 4295 necesse
781 4247 837 4306 est;
860 4242 965 4293 licebat
982 4242 1114 4294 videlicet
1128 4241 1231 4310 eligere

112 4325 278 4381 decuriones
298 4346 312 4380 e
331 4329 485 4383 ditioribus.

177 4413 222 4481 91)
244 4413 304 4464 oo.
323 4413 502 4466 Or.·Henaen
520 4430 546 4467 n.
565 4415 642 4467 6467.
