3184 5162
590 459 788 520 raooutttvu.
1207 464 1245 525 21

126 631 267 697 finitimos
290 630 352 688 sive
377 627 499 705 Ligures
522 628 583 688 sive
606 625 704 689 Gallos
728 629 766 688 ita
790 626 847 688 sibi
868 627 1023 698 obnoxios,
1047 634 1080 690 ut
1101 628 1247 690 Massiliae

127 731 171 792 val
185 750 269 792 arma
285 736 455 790 metuerent
470 727 516 788 vel
531 709 690 790 abricitiam
706 729 870 808 foedusque
886 728 1014 790 libenter
1029 727 1177 800 colerent,
1195 730 1247 791 sed

127 851 224 911 neque
247 832 371 893 colonos
393 849 497 892 omnes
519 849 583 909 pro·
597 830 722 891 subditis
738 829 783 890 vel
798 847 902 908 agrum
926 851 1030 892 eorum
1053 850 1108 911 pro
1130 833 1247 910 integra

125 937 271 996 territorii
293 935 341 996 sui
363 940 447 1012 parte
475 930 639 1000 habebant,
668 951 766 1012 neque
794 932 930 993 barbaris
958 940 1070 996 cartam
1099 935 1247 1012 quandam

125 1036 311 1118 reipublicae
343 1035 471 1095 lormam
505 1033 667 1094 censebant
697 1034 916 1114 imponendam.
965 1036 1099 1115 Namque
1132 1037 1249 1096 etiamsi

125 1141 260 1200 minores
283 1155 319 1197 ex
342 1135 400 1195 illis
423 1135 616 1205 stationibus,
646 1137 706 1196 sive
730 1139 902 1197 commercii
925 1139 1057 1217 emporia
1080 1143 1165 1198 erant
1187 1138 1247 1197 sive

125 1239 248 1302 castella
272 1238 307 1300 ad
332 1221 478 1298 arcendos
499 1236 644 1298 barbaros
667 1238 837 1307 constituta,
861 1257 921 1299 non
936 1238 1095 1299 verisimile
1118 1247 1164 1300 est
1176 1258 1245 1318 pro-

124 1343 220 1421 prIam
245 1348 276 1400 et
297 1347 443 1400 secretam
465 1337 730 1402 aMassiliensibus
745 1339 960 1419 rempublicam
975 1340 1124 1411 babuisse,
1147 1348 1247 1402 tamen

126 1443 295 1522 Emporiae,
320 1457 395 1518 quae
412 1441 538 1501 maxima
550 1440 780 1502 Massiliensium
804 1440 918 1502 colonia
941 1448 1014 1512 erat,
1038 1450 1068 1503 et
1081 1441 1186 1504 Rhoda
1202 1449 1244 1503 at·

125 1564 184 1625 quc
204 1541 319 1622 Agatha
340 1544 474 1603 internas
501 1561 551 1603 res
573 1534 696 1622 proprio
718 1545 784 1604 iure
806 1543 941 1604 uldeutur
957 1543 1179 1606 administrasse
1194 1563 1246 1605 nc·

124 1665 184 1727 que
201 1645 259 1706 alio
275 1645 364 1705 modo
380 1644 456 1712 urbi,
481 1647 529 1704 cui
551 1646 698 1722 originem
715 1643 873 1716 debebant,
899 1663 965 1706 esse
987 1648 1134 1716 astrictae,
1158 1666 1247 1726 quam

125 1759 159 1810 ut
182 1749 308 1809 comiter
332 1764 396 1808 earn
419 1745 621 1807 observarent.
667 1745 741 1806 Nam
764 1765 832 1807 cum
855 1746 892 1807 de
905 1748 1060 1834 vEmporiis
1084 1748 1181 1810 Livius
1204 1748 1246 1808 di·

125 1857 187 1920 eat,
218 1850 349 1910 Graecos
379 1849 443 1909 eius
467 1848 549 1908 urbis
577 1847 690 1908 incolas
717 1847 772 1908 sub
801 1848 906 1909 umbra
929 1849 1080 1912 Romanae
1102 1851 1247 1910 amicitiae

124 1952 249 2013 latuisse
278 1967 403 2026 eamque
431 1951 509 2010 siout
537 1949 703 2010 minoribus
731 1949 844 2010 viribus
871 1969 960 2029 quam
983 1950 1179 2011 Massilienses
1207 1952 1248 2010 ita

124 2055 193 2133 pari
214 2052 271 2112 lide
294 2051 421 2111 coluisse
431 2048 484 2129 69),
514 2057 616 2129 aperte
639 2051 839 2128 Emporitanis
868 2058 1006 2112 externas
1032 2051 1175 2112 amicitias
1198 2070 1246 2110 co·

124 2155 207 2216 lendi
230 2154 335 2214 tribuit
352 2153 479 2234 ¹consilia
502 2171 517 2211 a
540 2151 771 2212 Massiliensibus
794 2151 902 2222 libera,
932 2171 1027 2232 eoque
1055 2154 1148 2230 magis
1175 2171 1245 2212 con·

125 2256 308 2318 cludendum
332 2263 397 2324 est,
410 2257 543 2315 internas
564 2272 614 2314 res
630 2273 684 2314 suo
700 2254 824 2314 arbitrio
842 2253 1050 2316 administrare
1065 2255 1101 2314 iis
1115 2252 1244 2314 licuisse.
1324 2263 1327 2269 '

124 2358 212 2432 Quod
248 2359 441 2418 confirmatur
476 2356 646 2416 testimonio
679 2373 886 2419 nummorum:
917 2337 1059 2418 'videmus
1092 2356 1248 2434 Emporias

124 2459 323 2536 Rhodamque
346 2459 476 2519 nummis
500 2459 551 2526 uti,
575 2459 627 2536 qtri
650 2476 709 2517 non
732 2457 831 2518 solum
845 2459 969 2537 proprio
984 2460 1051 2518 iure
1074 2465 1103 2518 et
1127 2459 1247 2518 nomine

124 2561 290 2624 sedetiam
314 2560 393 2620 notis
415 2558 541 2620 diversis
564 2568 593 2620 et
615 2560 694 2620 iuter
716 2577 748 2619 se
772 2565 802 2618 et
824 2578 840 2620 a
862 2558 1090 2620 Massiliensium
1113 2561 1192 2619 notis
1207 2559 1246 2619 si·

123 2663 309 2744 gnabantur,
333 2660 451 2741 pondus
473 2669 571 2722 autem
595 2659 744 2721 habebant
766 2679 895 2740 aequum
917 2663 996 2722 inter
1019 2681 1066 2731 se,
1096 2661 1247 2722 diversum

124 2787 140 2828 a
164 2763 408 2828 Massiliensibus.
417 2760 454 2839 ⁷⁰)
499 2762 611 2824 Deinde
634 2765 686 2840 qui
707 2782 762 2843 per
784 2764 953 2844 Pyrenaeos
976 2771 1092 2824 montes
1114 2769 1144 2822 et
1157 2764 1247 2841 Aqui-

125 2867 236 2929 taniam
258 2866 432 2941 frequentes
455 2865 645 2926 inveniuntur
668 2866 782 2926 nummi
810 2884 826 2925 a
848 2865 983 2926 barbaris
1006 2866 1113 2942 signati
1135 2882 1195 2923 nou
1211 2863 1246 2923 ad

124 2967 353 3030 Massiliensium
382 2967 434 3026 sed
462 2966 497 3026 ad
521 2966 783 3045 Emporitanorum
811 2965 948 3045 exempla
975 2967 1094 3027 lormati
1116 2961 1244 3040 sunt⁷¹),

123 3069 206 3132 unde
229 3067 404 3136 concludas,
434 3069 588 3146 proprium
617 3086 706 3128 suum
733 3074 767 3127 ut
794 3069 834 3127 ita
864 3068 959 3128 dicam
987 3067 1171 3128 territorium
1193 3063 1245 3125 ha-

123 3173 228 3234 buisse
255 3169 321 3230 illas
350 3171 380 3230 in
405 3169 545 3249 Hispania
569 3168 715 3238 colonias,
746 3169 797 3230 ubi
825 3171 909 3246 quasi
936 3168 1090 3247 privilegio
1120 3167 1247 3245 quodam

124 3272 327 3334 Massilienses
349 3273 501 3332 Interioris
523 3272 696 3332 commercii
723 3271 856 3331 fructum
880 3271 916 3329 iis
939 3256 1156 3338 concesserint,
1187 3285 1247 3346 quo

125 3375 281 3436 territorio
304 3372 535 3434 continebantur
564 3392 625 3432 non
654 3372 750 3433 solum
773 3371 928 3442 Celtiberi,
958 3373 1178 3452 Pyrenaeorum
1201 3371 1246 3430 in-

123 3476 221 3545 colae,
245 3477 392 3553 Aquilam,
417 3475 469 3534 sed
493 3476 581 3535 etiam
605 3473 716 3534 Galliae
738 3491 813 3553 quae
835 3480 939 3553 postea
961 3473 1163 3534 Narbonensis
1193 3472 1249 3531 luit

121 3597 196 3660 pars
220 3575 427 3646 occidentalis
457 3578 568 3655 quippe
591 3594 659 3636 curn
674 3574 717 3635 illi
739 3577 854 3636 nummi
876 3577 946 3636 satis
970 3575 1143 3654 trequentes
1165 3575 1246 3640 inve·

122 3683 246 3741 niantur
274 3696 370 3758 prope
399 3674 601 3755 Tolosam⁷²);
637 3683 726 3753 atque
760 3677 838 3754 quod
872 3677 907 3737 ad
937 3677 1079 3756 oppidum
1107 3675 1248 3737 Lutevam

122 3779 268 3861 (Ledeue,
293 3778 362 3858 dep.
386 3780 424 3838 de
445 3777 604 3858 t’Haloott)
633 3785 772 3858 repertus
800 3786 845 3839 est
872 3778 1030 3840 thesaurus
1056 3795 1247 3840 nummorum

191 4067 236 4128 69)
255 4067 319 4116 Liv.
337 4067 384 4127 34,
403 4068 427 4116 9.

193 4150 237 4215 70)
262 4151 392 4200 Nummos
419 4150 610 4216 Emporiarum
637 4151 725 4202 babes
751 4151 890 4212 Mionnet,
920 4150 1008 4201 deser.
1032 4149 1081 4200 des
1102 4147 1249 4198 mddailles

123 4251 263 4303 greoques
282 4239 311 4286 ei
328 4235 465 4285 romaines
485 4238 508 4297 1,
526 4238 568 4288 41.
586 4238 628 4288 43.
664 4235 777 4286 Rhodae
797 4238 820 4299 1,
839 4237 880 4284 48.
900 4236 929 4296 7,
947 4234 1067 4298 planche
1084 4233 1187 4284 LXIII.
1207 4235 1230 4284 1.

194 4318 238 4385 ⁷1)
258 4319 424 4382 Mommsen,
447 4320 548 4372 Geseh.
567 4320 616 4371 des
633 4337 716 4373 roem.
734 4321 924 4370 Miiuzwesens
942 4335 968 4382 p.
987 4319 1045 4369 678.

195 4405 239 4468 72)
258 4407 411 4456 Mommsen
429 4405 448 4456 l.
468 4405 486 4453 l.
505 4421 531 4470 p.
550 4406 607 4456 678.
626 4421 652 4453 n.
671 4408 712 4455 49.
