3154 5162
308 481 348 544 92
695 479 779 536 PARS
801 479 819 534 l.
864 479 970 534 CAPVT
994 480 1021 534 ll.

307 665 364 724 que
387 648 604 708 Nemausenses
627 653 656 706 et
682 645 881 707 Cabellienses
904 646 1086 725 explicemus
1108 647 1169 705 sire
1197 665 1233 704 ex
1255 648 1320 705 iure
1347 645 1422 706 Latii

307 747 418 810 alulio
442 750 567 810 Caesare
595 767 747 809 concesso.
794 748 913 809 Accedit
941 749 1030 826 igitur
1061 747 1226 808 civitatibus
1253 766 1268 806 a
1296 747 1422 808 Caesare

305 869 381 911 novo
404 853 468 912 iure
492 851 657 912 constitutis
680 857 710 918 et
731 849 873 929 oppidum
896 851 1006 911 Vienna
1030 857 1149 910 etcum
1173 868 1208 910 eo
1231 850 1334 909 civitas
1356 851 1422 909 rucri-

305 970 391 1013 versa
412 953 604 1030 Allobrogum
628 933 757 1013 Viennae
781 954 933 1012 territorio
957 950 1104 1012 attributa.

391 1054 589 1132 Quascumque
610 1055 698 1115 modo
722 1055 960 1114 enumeravimus
982 1061 1098 1130 gentes,
1124 1073 1175 1114 eae
1197 1055 1228 1114 in
1251 1051 1423 1132 Subalpinis

307 1157 478 1235 regionibus
493 1156 694 1226 considebant,
720 1175 775 1217 nec
790 1157 848 1216 nisi
862 1153 1054 1233 Allobrogum
1071 1157 1145 1216 lines
1161 1155 1197 1215 ad
1213 1137 1356 1218 interiora
1372 1175 1423 1216 us·

307 1277 364 1336 que
381 1259 498 1338 Alpium
520 1261 588 1336 iuga
611 1257 779 1318 tendebant.
824 1259 848 1318 A
871 1256 978 1335 quibus
1001 1259 1026 1318 si
1046 1258 1237 1336 procedimus
1259 1257 1295 1319 ad
1317 1266 1424 1336 gentes

308 1379 375 1420 vace
390 1360 520 1439 Alpinas,
545 1361 642 1421 subito
666 1363 763 1420 omnia
787 1359 895 1420 desunt
918 1377 993 1436 quae
1018 1376 1111 1437 usque
1135 1360 1171 1420 ad
1186 1361 1320 1421 Caesaris
1343 1366 1424 1420 aeta·

307 1469 366 1522 tem
390 1463 530 1523 recedant
552 1464 682 1540 vestigia,
708 1469 737 1521 et
758 1463 883 1539 Augusti
905 1461 1025 1522 demum
1048 1468 1143 1522 aetate
1166 1463 1294 1523 certiora
1316 1461 1354 1523 cle
1377 1461 1424 1522 bis

232 1595 235 1600 ·
306 1564 445 1642 gentibus
467 1571 595 1643 possunt
618 1566 691 1624 erui.
739 1563 867 1624 Conatus
890 1564 1009 1641 quidem
1033 1571 1096 1624 erat
1118 1564 1225 1624 Caesar
1248 1563 1312 1623 Ser.
1331 1563 1424 1624 Galba

306 1665 402 1742 legato
427 1665 503 1726 ultra
525 1666 599 1725 lines
620 1663 813 1742 Allobrogum
834 1667 865 1724 in
889 1665 992 1726 vallem
1008 1665 1171 1726 Penninam
1193 1667 1284 1726 misso
1306 1667 1336 1724 in
1359 1683 1423 1725 me·

307 1766 363 1827 diis
385 1766 509 1846 Alpibus
532 1769 704 1836 consistere,
729 1784 826 1843 neque
849 1787 919 1828 vero
942 1786 1086 1846 prospere
1110 1775 1295 1828 successerat
1317 1786 1351 1827 ea
1373 1786 1424 1826 ex-

306 1869 435 1947 peditio;
465 1877 567 1948 postea
590 1876 688 1929 autem
710 1871 789 1929 inter
816 1875 860 1929 tot
881 1876 1022 1947 tantaque
1045 1867 1100 1930 alia
1122 1869 1200 1930 bella
1221 1879 1341 1949 tempus
1363 1887 1425 1929 non

308 1977 380 2040 arat,
406 1978 509 2031 contra
532 1970 653 2050 Alpinos
675 1969 801 2032 ulterius
824 1973 972 2032 insistere.

392 2073 452 2134 lam
482 2092 552 2133 vero
581 2080 739 2154 postquam
768 2092 783 2133 a
812 2071 908 2134 Volcis
935 2075 1115 2140 Arecomicis
1143 2075 1289 2135 orientem
1317 2090 1425 2134 versus

306 2193 360 2256 per
388 2194 507 2236 omnem
536 2178 721 2254 provinciam
749 2176 884 2237 Caesaris
914 2175 1117 2252 indagavimus
1146 2177 1281 2255 vestigia,
1315 2195 1425 2237 rursus

306 2285 388 2338 trans
403 2276 580 2337 Rhodanum
602 2279 733 2354 regressi
755 2284 847 2337 restat
869 2285 902 2339 ut
922 2285 1107 2339 transeamus
1129 2280 1159 2337 in
1179 2297 1243 2339 eam
1258 2279 1424 2355 regionem,

307 2395 382 2456 quac
411 2398 427 2438 a
455 2379 662 2459 Nemausensi¹
679 2381 831 2440 territorio
859 2381 991 2458 pertiuet
1024 2379 1060 2439 ad
1089 2381 1163 2440 fines
1189 2381 1365 2457 Aquitaniae
1395 2388 1426 2441 et

307 2479 474 2558 Hispaniae,
499 2482 560 2540 sive
582 2482 613 2540 in
635 2480 792 2541 Volcarum
809 2481 1049 2542 Arecomicorum
1071 2487 1186 2560 partem
1209 2481 1424 2543 occidentalem

308 2588 337 2640 et
364 2581 561 2658 Tectosagum
589 2584 741 2660 regionem
771 2584 949 2643 universam.
1001 2583 1053 2644 Est
1086 2584 1163 2662 apud
1191 2583 1320 2644 Plinium
1349 2583 1426 2646 haec

307 2699 427 2760 quoque
448 2684 617 2762 provinciae
639 2702 709 2762 pars
730 2682 818 2763 plena
841 2684 1019 2763 oppidorum
1040 2683 1222 2754 latinorum,
1246 2687 1353 2762 utqui
1375 2705 1425 2746 re·

307 2791 428 2844 censeat
455 2785 497 2844 ibi
523 2774 750 2855 Lutevanos‚
785 2785 1048 2856 Cesseronem,
1078 2787 1273 2856 piscenas,
1309 2787 1425 2849 Rute-

306 2904 388 2956 noS,
413 2886 701 2964 Samnagenses,
731 2888 993 2957 Carcasonem,
1023 2888 1213 2959 Tolosam,
1237 2889 1424 2950 Ruscino·

305 3007 400 3058 nem,
431 2989 557 3050 lortasse
587 2989 689 3055 etiam,
719 2991 745 3049 si
772 2989 1032 3067 Francogallorum
1060 2990 1246 3070 geographos
1274 2993 1423 3071 sequeris,

306 3089 603 3170 Cambolectros,
628 3091 970 3161 Tarasconienses,
995 3092 1200 3162 Tasconos,
1225 3092 1424 3154 Umbrani·

306 3211 378 3252 cos.
424 3192 468 3252 Ex
497 3193 606 3269 quibus
635 3194 721 3253 unius
755 3200 868 3254 tanturn
897 3200 976 3254 extat
1005 3196 1175 3273 inscriptio,
1207 3212 1282 3272 quac
1310 3212 1425 3256 nomen

304 3292 411 3371 prodat
434 3291 555 3361 lulium,
580 3294 767 3364 Carcasonis,
793 3296 818 3356 si
840 3296 959 3373 quidem
983 3302 1064 3357 recte
1087 3295 1156 3357 huic
1179 3297 1287 3376 oppido
1314 3297 1426 3357 tribui·

305 3411 371 3453 mus
393 3391 511 3453 titulum
535 3395 565 3454 θ.
583 3395 708 3458 Cominii
726 3397 797 3472 Cf.
823 3391 969 3478 Voltlinc'o)
992 3395 1160 3466 Bitutc'onc's,
1181 3395 1346 3479 proitlorc's)
1363 3397 1425 3478 c(o

303 3493 421 3571 leniae),
447 3503 479 3556 ut
494 3514 547 3556 nos
561 3498 805 3576 interpretamur,
828 3496 947 3579 deboc)
970 3497 1224 3581 commaculati)
1258 3500 1333 3561 Cum
1351 3518 1424 3560 vero

304 3612 491 3672 nequaquam
512 3597 712 3668 intellexeris,
742 3619 796 3660 cur
824 3601 949 3662 Carcaso
976 3604 1070 3680 magis
1098 3619 1186 3680 quam
1214 3601 1330 3678 reliqua
1357 3603 1426 3662 eius

304 3697 433 3774 regionis
463 3699 569 3778 oppida
598 3703 645 3761 ius
673 3699 749 3760 Latii
776 3722 792 3762 a
821 3703 945 3764 Caesare
973 3695 1135 3782 acceperit,
1166 3701 1223 3764 hoc
1250 3722 1342 3763 unum
1372 3722 1424 3762 ex-

304 3798 434 3878 emplum
463 3802 571 3861 suflicit
600 3801 636 3862 ad
666 3801 882 3864 diiudicandum
918 3806 1008 3865 totius
1044 3807 1173 3882 regionis
1204 3804 1422 3866 condicionem.

303 3901 428 3962 Omnem
451 3904 541 3980 igitur
564 3903 760 3980 Tectosagum
782 3906 928 3966 civitatem
952 3924 1108 3968 censemus
1136 3925 1194 3968 una
1223 3925 1291 3967 cum
1314 3907 1424 3970 Carca-

302 4021 376 4063 sone
398 4001 513 4064 Latium
536 4005 687 4083 accepisse
709 4007 832 4082 eiusque
854 4026 958 4086 agrum
981 4007 1155 4084 quibusdam
1178 4008 1295 4087 oppidis
1308 4007 1425 4069 Latinis

302 4123 368 4165 esse
402 4104 539 4174 divisum,
576 4124 611 4164 ex
646 4106 751 4182 quibus
778 4109 921 4186 insignior
951 4126 1039 4186 quam
1070 4108 1195 4170 Carcaso
1228 4109 1425 4188 reliquaeque

369 4341 415 4402 49)
434 4341 513 4392 Caes.
533 4343 560 4392 b.
580 4357 605 4407 g.
625 4346 654 4404 3,
676 4345 750 4396 1-6.
1216 4379 1233 4424 1-
1430 4403 1432 4407 ,

370 4423 413 4488 50)
434 4425 503 4490 App.
518 4427 603 4492 epigr.
617 4443 643 4479 n.
659 4430 716 4486 294,
736 4429 784 4491 ubi
801 4429 864 4479 vide
883 4429 950 4493 quid
968 4430 1001 4480 de
1021 4432 1128 4500 origine
1146 4429 1247 4498 lapidis
1260 4430 1425 4484 dixerimus.
