3124 5168
254 487 291 534 Vl

254 638 334 707 ordo
362 639 586 720 decurionum,
614 639 823 724 magistratus
853 638 1080 724 municipales,
1109 639 1311 726 apparitores
1339 647 1373 703 et

255 743 342 808 servi
363 740 620 827 municipiorum,
642 740 821 829 procedant
842 739 959 806 deinde
979 741 1063 805 varii
1076 740 1216 805 militum
1230 740 1371 822 ordines,

255 843 434 929 municipes
463 841 654 928 simpliciter
678 842 800 906 tribum
832 842 1036 928 profitentes,
1070 840 1197 907 incolae
1227 843 1372 928 ingenui,

255 943 410 1011 claudant
431 965 549 1030 agmen
571 943 669 1010 seviri
690 943 900 1029 Augustales,
924 942 1061 1029 collegia
1083 945 1280 1025 tenuiorum,
1304 943 1373 1029 opi-

254 1048 333 1112 fices
361 1045 506 1131 collegiis
536 1067 600 1110 non
629 1045 801 1131 adscripti3
828 1047 855 1110 si
884 1067 967 1132 quae
994 1053 1164 1132 praeterea
1186 1052 1262 1110 sunt
1282 1053 1373 1110 nota-

254 1148 335 1214 bilia
356 1148 463 1229 varia,
493 1157 638 1212 extremo
666 1149 736 1212 loco
764 1169 804 1211 ea
832 1148 980 1214 invenias
1001 1148 1119 1234 posita.
1163 1147 1237 1227 Quo
1260 1145 1374 1212 ordine

256 1258 441 1316 constanter
463 1250 636 1315 observato
659 1249 789 1314 facilius
811 1248 1065 1336 unumquodque
1086 1249 1280 1314 invenietur.

339 1351 392 1416 De
413 1348 504 1430 locis,
526 1351 644 1437 quibus
666 1353 700 1416 in
722 1373 850 1438 quoque
873 1351 992 1437 oppido
1014 1360 1294 1415 monumentorum
1308 1349 1374 1414 col-

256 1452 411 1518 lectiones
433 1451 529 1516 hodie
551 1462 770 1535 asservantur,
794 1453 835 1518 ad
859 1451 987 1538 singula
1009 1450 1130 1538 oppida
1144 1451 1374 1533 disseruimus3

257 1555 297 1620 de
319 1554 410 1620 libris
432 1574 525 1634 vero,
549 1555 605 1640 qui
626 1555 780 1620 maiorem
802 1555 969 1620 titulorum
991 1575 1162 1619 numerum
1183 1553 1277 1618 nobis
1300 1575 1375 1636 sup-

256 1656 443 1741 peditarunt
465 1656 584 1740 quique
605 1657 639 1721 in
661 1658 746 1723 notis
773 1677 832 1744 per
858 1655 1050 1742 compendia
1071 1656 1261 1742 plerumque
1283 1653 1376 1719 citati

257 1767 346 1839 sunt,
372 1757 433 1822 hoc
456 1755 525 1820 loco
548 1759 714 1841 generalia
736 1756 896 1845 quaedam
916 1758 1072 1822 videntur
1092 1755 1347 1844 praemittenda:

341 1859 442 1924 Primi
471 1856 583 1922 titulos
611 1860 644 1924 in
671 1861 840 1946 provincia
866 1859 1086 1941 Narbonensi,
1114 1858 1201 1946 quod
1224 1858 1376 1945 equidem

257 1961 373 2041 sciam,
402 1959 603 2046 collegerunt
625 1960 689 2026 duo
711 1961 803 2042 Itali,
833 1961 976 2027 Frater
1003 1960 1212 2027 Iucundus
1234 1961 1289 2026 ille
1310 1960 1375 2024 Ve

256 2062 401 2127 nonensis
436 2071 469 2126 et
504 2062 674 2128 Gabriel
711 2064 888 2128 Simeoni
923 2063 1147 2143 Florentinus,
1181 2085 1223 2126 ex
1255 2061 1376 2148 quibus

256 2164 347 2250 prior
359 2163 393 2228 in
411 2162 559 2250 syllogen
580 2165 826 2251 inscriptionum
849 2165 1111 2249 manuscriptam,
1134 2187 1232 2251 quam
1247 2185 1376 2249 compo-

257 2266 323 2329 suit
346 2265 407 2329 sub
434 2265 532 2330 finem
560 2266 681 2331 saeculi
708 2266 823 2332 decimi
854 2268 959 2353 quinti
987 2276 1019 2332 et
1047 2266 1140 2331 cuius
1169 2265 1232 2332 duo
1261 2272 1378 2330 extant

257 2367 471 2450 exemplaria,
498 2369 532 2432 in
560 2367 758 2433 bibliotheca
785 2369 965 2434 Veronensi
993 2370 1146 2446 alterum,
1176 2367 1313 2432 alterum
1341 2367 1377 2430 in

256 2468 447 2533 Florentina
474 2468 790 2552 Magliabecchiana,
825 2471 1023 2556 paucissima
1051 2470 1212 2556 quaedam
1245 2491 1287 2532 ex
1312 2468 1377 2532 hae

173 2649 175 2654 Ι
258 2589 387 2655 quoque
409 2571 577 2654 provincia
597 2572 721 2656 recepit
744 2572 817 2656 (cfr.
842 2572 953 2638 titulos
975 2581 1102 2636 nostros
1125 2595 1179 2636 nn.
1198 2578 1269 2641 116.
1286 2570 1376 2656 294),

258 2671 341 2735 alter
362 2691 439 2736 vero
461 2672 627 2758 proprium
650 2673 768 2737 librum
790 2672 932 2739 confecit
949 2675 1155 2760 inscriptum:
1179 2676 1378 2750 Iraseripiieas

258 2777 301 2838 du
311 2793 391 2854 pays
413 2776 450 2836 de
469 2777 625 2838 Proaeace.
647 2779 729 2855 Lyca
753 2786 839 2840 1558.
863 2788 893 2838 a.
937 2775 1044 2855 Quem
1066 2797 1127 2862 ego
1149 2797 1214 2840 non
1235 2773 1318 2854 vidi,
1343 2780 1379 2837 at

258 2876 313 2962 qui
343 2876 520 2960 posteriore
548 2884 655 2941 aetate
682 2876 723 2941 de
749 2878 937 2963 provinciae
963 2877 1212 2965 antiquitatibus
1240 2882 1379 2960 egerunt

208 3045 213 3058 ,
257 2977 367 3064 plures
391 2977 587 3042 simeonium
610 2978 844 3064 excripserunt.
889 2977 979 3059 Quos
1007 2978 1108 3044 Italos
1138 2979 1171 3043 in
1200 2979 1272 3065 ipsa
1304 2998 1380 3063 pro·

258 3079 367 3144 vincia
394 3080 517 3164 primus
553 3089 683 3145 secutus
711 3088 762 3144 est
792 3080 998 3145 Lantelme
1031 3081 1076 3146 de
1104 3081 1268 3144 Romieu
1295 3079 1379 3143 Are·

258 3180 408 3261 latensis,
440 3181 532 3245 euius
559 3182 592 3245 in
620 3182 819 3247 bibliotheca
846 3182 1032 3247 Arelatensi
1066 3191 1116 3247 est
1148 3182 1233 3246 liber
1263 3203 1378 3244 manu-

259 3283 398 3367 scriptus
435 3290 467 3345 et
493 3283 683 3368 inscriptus:
718 3287 847 3348 Histoire
882 3287 935 3347 des
968 3287 1127 3363 antiquitis
1158 3286 1278 3348 d'Arles
1306 3303 1381 3346 aueo

257 3389 408 3462 plusieurs
444 3385 533 3447 aeriis
568 3397 596 3448 ei
628 3388 784 3466 epilaplres
815 3392 949 3465 antiques
979 3389 1094 3451 trouue's
1127 3390 1182 3452 ld·
1197 3387 1319 3451 mesmes
1351 3393 1384 3449 ei

187 3537 192 3549 .
259 3504 296 3547 eu
331 3495 431 3546 autres
462 3491 562 3550 lieaes.
598 3498 693 3559 lala·
731 3489 822 3553 cuius
862 3488 1000 3570 codicis,
1029 3489 1144 3575 scripti
1175 3509 1240 3553 non
1273 3487 1380 3574 ipsius

260 3586 409 3650 Romievi
430 3608 528 3652 manu
557 3587 614 3652 sed
643 3610 662 3652 a
684 3588 860 3653 Laurentio
888 3590 1030 3675 quodam
1057 3591 1264 3655 Bonnemant
1292 3611 1380 3654 anno

261 3694 353 3767 1776,
376 3687 465 3752 aliud
488 3696 579 3752 extat
601 3689 767 3774 exemplar
793 3692 827 3755 in
849 3691 1048 3757 bibliotheca
1062 3691 1299 3777 Lugudunensi
1314 3691 1380 3755 Ba-

259 3795 420 3852 tavorum.
469 3789 586 3854 Eidem
612 3789 681 3853 fere
708 3793 845 3878 tempori
874 3793 1099 3858 attribuendus
1128 3792 1259 3858 videtur
1286 3791 1379 3856 Rai-

259 3889 379 3953 mond
412 3889 457 3953 de
485 3891 623 3978 *Solier
655 3892 724 3957 sive
761 3893 922 3979 Solery,
956 3897 1012 3981 qui
1045 3894 1156 3959 neseio
1190 3914 1255 3979 quo
1293 3915 1381 3957 anno

259 3990 380 4056 librum
401 3989 541 4056 confecit
560 3993 608 4056 ita
626 3993 831 4079 inscriptum:
861 4000 974 4060 Rerum
996 4002 1188 4076 antiquarum
1209 4010 1238 4059 et
1256 3998 1381 4060 nobilia

259 4112 327 4157 rum
342 4099 516 4170 prouinciae
537 4098 613 4156 liber
633 4099 789 4172 secundus,
812 4103 842 4160 iu
864 4118 921 4175 pua
943 4103 981 4161 de
1002 4096 1123 4177 antiquo
1151 4109 1304 4162 statuuat
1332 4119 1383 4163 re-

256 4197 379 4272 publica
399 4198 629 4258 Massiliensium
656 4203 773 4272 apitur;
796 4198 887 4262 cuius
910 4198 1042 4264 libriin
1064 4198 1264 4265 bibliotheca
1286 4200 1385 4266 urbis

262 4293 330 4356 Aix
344 4294 408 4357 duo
423 4296 491 4360 vidi
507 4296 716 4382 exemplaria,
734 4319 834 4362 unum
848 4301 951 4383 ipsius
964 4300 1081 4365 Solieri
1095 4322 1195 4364 manu
1210 4302 1387 4387 scriptum,

263 4393 322 4457 sed
341 4395 489 4459 mutilum
513 4397 687 4480 (manuscr.
709 4398 787 4464 bibl.
803 4401 866 4485 Aq.
882 4425 915 4465 n.
932 4401 1020 4488 797),
1044 4401 1183 4466 alterum
1202 4402 1388 4488 integrum,
