3148 5160
348 471 409 530 224
733 467 817 524 PARS
839 467 869 524 ll.
914 467 1021 523 utrvr
1043 468 1074 523 ll.

346 651 413 694 care
435 635 466 692 in
488 634 679 701 memoriam,
709 652 724 692 a
748 634 875 694 Traiano
903 635 1046 694 factiones
1074 640 1226 695 metuente
1249 636 1373 695 vetitum
1397 654 1460 696 esse
1555 609 1556 648 ³

344 733 480 806 Plinium,
496 736 684 815 permittere,
715 741 748 794 ut
769 735 958 796 Nicomediae
981 735 1123 796 adversus
1144 735 1282 796 incendia
1304 735 1460 814 collegium
1554 763 1556 800 τ

345 837 472 906 fabrum,
497 839 548 915 qui
571 844 600 897 et
621 837 679 916 ipsi
701 836 821 915 vigilum
843 839 936 898 instar
958 845 1056 906 erant,
1081 839 1327 906 constitueretur;
1358 839 1462 900 iamsi
1555 851 1556 856 ’

344 941 460 1018 priores
481 940 632 1018 principes
656 937 840 999 liberaliores
863 945 947 1000 erant
970 958 1039 1018 erga
1062 941 1237 1019 municipia,
1266 945 1349 1000 certo
1379 959 1417 1000 ne
1443 942 1462 1000 ii

345 1041 465 1117 quidem
487 1043 569 1102 omni
591 1039 704 1101 cautela
732 1040 920 1102 abstinebant
947 1060 1071 1122 eamque
1099 1043 1237 1121 posuisse
1266 1041 1405 1103 videntur
1432 1043 1460 1101 in

329 1139 524 1222 ¹imponendo
552 1161 607 1222 per
633 1142 786 1222 praesides
814 1141 933 1220 vigilum
962 1145 1127 1222 praefecto;
1156 1143 1234 1221 quod
1257 1151 1358 1204 autem
1381 1163 1458 1204 com·

343 1244 446 1323 plures
469 1263 587 1314 eorum,
619 1245 670 1322 qui
692 1244 749 1304 boc
770 1263 894 1304 munere
916 1245 1094 1322 funguntur,
1123 1245 1256 1307 videmus
1278 1255 1329 1307 aut
1351 1264 1459 1324 equum
1555 1263 1556 1270 ³

343 1345 496 1424 publicum
520 1343 631 1406 habere
654 1352 703 1406 aut
726 1345 762 1406 ad
785 1354 957 1423 equestrem
985 1345 1117 1406 militiam
1145 1350 1273 1409 transire
1303 1348 1364 1429 (nn.
1391 1353 1457 1412 121.
1555 1346 1556 1422 J

345 1443 542 1525 123-125),
566 1448 692 1508 fortasse
716 1449 778 1526 ipsa
801 1447 874 1532 baec
896 1450 1083 1526 praefectura
1107 1451 1254 1527 equestris
1278 1456 1343 1510 erat
1366 1449 1458 1527 digni·
1554 1435 1556 1442 Α

344 1549 420 1608 tatis
466 1549 547 1620 Quae
570 1548 698 1627 denique
722 1548 777 1609 sub
800 1568 871 1609 cura
895 1548 1002 1610 borum
1017 1551 1235 1628 praefectorum
1259 1559 1345 1612 erant
1368 1569 1457 1618 arma,

343 1648 416 1710 nibil
439 1648 518 1710 aliud
540 1651 633 1710 luisse
661 1650 715 1710 tibi
744 1651 837 1729 lingas
865 1667 953 1726 quam
983 1669 1030 1722 ea,
1061 1669 1136 1729 quae
1160 1652 1300 1713 adversus
1322 1651 1458 1713 incendia

344 1761 427 1812 erant
455 1753 633 1812 necessaria.
680 1752 818 1813 Ceterum
853 1753 960 1822 fateor,
996 1755 1105 1838 mirum
1134 1755 1234 1832 utiquc
1263 1772 1347 1823 esse,
1382 1753 1456 1832 quod
1555 1817 1556 1830 χ

341 1855 421 1915 inter
444 1860 486 1915 tot
513 1854 722 1932 inscriptiones
744 1853 961 1914 Nemausenses
990 1873 1027 1914 ne
1055 1873 1112 1915 una
1141 1855 1261 1934 quidem
1290 1861 1336 1915 est
1364 1854 1457 1932 vigilis
1484 1909 1487 1916 ,
1555 1832 1556 1846 ¹

341 1957 470 2034 gregarii
492 1955 537 2015 vel
560 1955 669 2032 gradus
691 1957 878 2033 praefectura
899 1957 1066 2023 inferioris;
1091 1963 1120 2015 at
1135 1958 1230 2034 possit
1244 1956 1318 2024 lieri,
1343 1962 1377 2016 ut
1399 1955 1455 2017 col·
1555 1937 1556 1954 ¹

341 2058 450 2137 legium
474 2057 589 2118 fabrum
616 2057 675 2137 (nn.
701 2062 771 2123 103.
796 2057 867 2136 221)
891 2057 926 2117 ad
950 2058 979 2117 id
1002 2058 1132 2118 officium
1155 2059 1192 2121 sit
1214 2057 1388 2118 adhibitum.

426 2195 508 2266 Quae
535 2192 690 2270 hucusque
714 2195 923 2272 exposuimus,
952 2192 1172 2272 desumpsimus
1201 2212 1236 2252 ex
1263 2195 1342 2272 ipsa¹
1359 2203 1455 2254 nostra

340 2298 507 2375 provincia;
539 2312 613 2372 quae
642 2295 764 2364 desunt,
795 2314 862 2355 cum
891 2293 1008 2354 aliunde
1036 2296 1095 2354 sint
1121 2295 1298 2374 repetenda,
1329 2295 1455 2356 breviter

341 2405 455 2458 tantum
478 2399 663 2474 attingemus.
711 2397 901 2456 Summarum
929 2397 1072 2474 cuiusque
1101 2396 1202 2474 oppidi
1230 2397 1454 2474 magistratuum

340 2500 442 2567 luisse,
466 2498 601 2558 ordinem
623 2517 683 2558 non
707 2497 802 2558 solum
825 2497 939 2576 legere,
969 2497 1021 2557 sed
1049 2500 1165 2576 quoties
1192 2516 1263 2557 ere
1287 2517 1355 2558 esse
1378 2497 1453 2557 vide-

342 2601 437 2670 batur,
461 2617 568 2677 cogere
592 2606 620 2659 ct
642 2593 761 2669 habere,
786 2599 821 2658 ad
845 2599 980 2659 ordinem
1003 2599 1039 2658 de
1061 2601 1097 2659 iis
1120 2598 1218 2686 rebus,
1243 2618 1319 2677 quae
1339 2605 1454 2678 praesto
1547 2639 1552 2648 .

342 2708 435 2772 erant,
460 2702 583 2770 referre,
607 2703 766 2761 sententias
789 2718 904 2778 rogare,
929 2719 1025 2780 neque
1047 2701 1145 2760 minus
1162 2700 1301 2776 quamdiu
1318 2700 1455 2762 extabant

341 2805 474 2872 comitia,
504 2823 537 2863 ea
560 2821 722 2863 convocare
750 2804 781 2860 in
808 2804 908 2879 iisque'
933 2800 1074 2880 populum
1101 2818 1223 2878 rogare,
1256 2809 1315 2861 tam
1343 2800 1454 2879 legibus

341 2905 521 2986 Salpensana
545 2912 574 2964 et
596 2905 765 2966 lllalacitana
788 2922 874 2982 quam
899 2903 1035 2982 exemplo
1061 2904 1285 2979 magistratuum
1307 2902 1453 2962 Romano·

340 3027 407 3069 rum
430 3006 582 3086 probator,
628 3006 740 3066 Deinde
764 3024 799 3064 ex
827 3004 942 3082 legibus
970 3003 1028 3065 iliis
1057 3005 1206 3064 civitatum
1228 3003 1454 3082 Hispaniearum

340 3111 548 3187 comperimus,
572 3115 746 3186 potestatem
763 3125 946 3168 summorum
961 3108 1185 3183 magistratuum
1204 3105 1235 3165 in
1250 3105 1454 3166 iurisdictione

340 3231 400 3272 non
424 3211 562 3271 exomni
585 3219 669 3289 parte
693 3209 815 3269 eandem
843 3209 936 3268 fuisse
965 3209 995 3268 in
1024 3192 1146 3268 coloniis
1174 3197 1287 3268 civium
1306 3207 1453 3269 Romano·
1543 3188 1546 3199 ’

340 3331 406 3372 rum
430 3320 518 3389 atque
539 3313 570 3371 in
593 3311 708 3390 oppidis
730 3310 850 3371 Latinis.
897 3309 969 3370 Cum
998 3310 1077 3368 enim
1106 3315 1235 3377 constet,
1265 3311 1454 3386 magistratus

341 3413 534 3492 municipales
556 3413 586 3472 in
609 3411 724 3490 oppidis
747 3413 852 3472 civium
880 3412 936 3471 nisi
963 3408 1117 3488 privilegio
1147 3426 1243 3488 neque
1266 3409 1342 3488 legis
1364 3411 1454 3470 actio·

339 3533 407 3575 nem
432 3514 583 3582 habuisse,
599 3497 670 3590 ¹qim
698 3512 903 3573 continebatur
924 3511 1131 3579 manumissio,
1160 3511 1294 3589 adoptio,
1326 3511 1454 3572 emanci-

340 3617 437 3694 patio,
466 3634 562 3694 ueque
592 3616 699 3674 tutoris
727 3613 889 3680 dationem,
920 3612 1080 3691 Salpensae
1109 3621 1137 3671 et
1165 3613 1292 3674 Malacae
1324 3612 1456 3672 videmus

341 3735 402 3785 eos,
427 3717 477 3796 qui
498 3714 605 3776 horum
627 3717 855 3794 municipiorum
885 3723 969 3774 erant
995 3715 1160 3792 municipes
1183 3714 1293 3796 Latini,
1323 3715 1456 3793 potuisse

340 3817 419 3897 apud
447 3818 492 3877 sui
519 3817 671 3896 nrunicipii
698 3816 869 3876 duumviros
898 3817 1107 3898 manumittere
1135 3815 1171 3876 ab
1199 3817 1295 3892 iisque
1324 3822 1456 3875 tutorem

340 3922 476 3998 accipere
486 3915 544 3998 ¹⁵⁷),
568 3920 652 3979 cuius
674 3919 748 3979 iuris
770 3919 845 3979 ratio
867 3923 969 3998 aperte
991 3925 1050 3978 tam
1073 3916 1219 3996 generalis
1241 3924 1295 3987 est,
1318 3923 1351 3976 ut
1370 3914 1456 3976 nullo

340 4021 428 4082 modo
456 4019 493 4080 ad
516 4037 550 4080 ea
572 4018 680 4099 oppida
702 4021 796 4098 possit
823 4019 971 4098 restringi.
1017 4019 1125 4079 Contra
1153 4019 1205 4098 qui
1227 4019 1306 4078 cives
1327 4017 1457 4078 Romani

339 4125 369 4184 in
392 4121 510 4204 oppidis
532 4121 644 4182 Latinis
672 4127 770 4190 erant,
800 4126 929 4181 tutorem
957 4120 1077 4197 quidem
1106 4119 1290 4198 accipiebant
1317 4138 1332 4178 a
1359 4119 1457 4198 magi·
1522 4145 1526 4148 ·

340 4290 640 4304 .-———-—-=

408 4409 467 4474 157)
487 4410 545 4459 Lex
564 4408 638 4474 Salp.
658 4409 731 4459 rubr.
750 4409 791 4458 28.
810 4411 851 4460 29.
887 4408 1045 4468 Mommsen,
1065 4406 1167 4458 Stadii.
1185 4424 1211 4473 p.
1230 4407 1379 4460 tat-442.
