<?xml version="1.0" encoding="UTF-8"?>
<!DOCTYPE html PUBLIC "-//W3C//DTD XHTML 1.0 Transitional//EN"
    "http://www.w3.org/TR/xhtml1/DTD/xhtml1-transitional.dtd">
<html xmlns="http://www.w3.org/1999/xhtml" xml:lang="en" lang="en">
 <head>
  <title>
</title>
<meta http-equiv="Content-Type" content="text/html;charset=utf-8" />
  <meta name='ocr-system' content='tesseract 3.04.00' />
  <meta name='ocr-capabilities' content='ocr_page ocr_carea ocr_par ocr_line ocrx_word'/>
</head>
<body>
  <div class='ocr_page' id='page_1' title='image "./galliaenarbonen01herzgoog_0193.png"; bbox 0 0 3148 5160; ppageno 0'>
   <div class='ocr_carea' id='block_1_1' title="bbox 20 4447 29 4482">
    <p class='ocr_par' dir='ltr' id='par_1_1' title="bbox 20 4447 29 4482">
     <span class='ocr_line' id='line_1_1' title="bbox 20 4447 29 4482; baseline 0 0"><span class='ocrx_word' id='word_1_1' title='bbox 20 4447 29 4482; x_wconf 73' lang='grc' dir='ltr'><strong>Ῥ</strong></span> 
     </span>
    </p>
   </div>
   <div class='ocr_carea' id='block_1_2' title="bbox 485 447 1220 562">
    <p class='ocr_par' dir='ltr' id='par_1_2' title="bbox 485 447 1220 562">
     <span class='ocr_line' id='line_1_2' title="bbox 485 447 1220 562; baseline 0.016 -12"><span class='ocrx_word' id='word_1_2' title='bbox 485 495 569 552; x_wconf 83' lang='lat' dir='ltr'>PARS</span> <span class='ocrx_word' id='word_1_3' title='bbox 591 496 620 552; x_wconf 92' lang='lat' dir='ltr'>ll.</span> <span class='ocrx_word' id='word_1_4' title='bbox 665 495 772 552; x_wconf 79' lang='lat' dir='ltr'>CAPVT</span> <span class='ocrx_word' id='word_1_5' title='bbox 794 496 824 551; x_wconf 91' lang='lat' dir='ltr'>ll.</span> <span class='ocrx_word' id='word_1_6' title='bbox 1012 447 1015 455; x_wconf 55' lang='lat'><strong><em>¹</em></strong></span> <span class='ocrx_word' id='word_1_7' title='bbox 1159 500 1220 562; x_wconf 84' lang='lat'>177</span> 
     </span>
    </p>
   </div>
   <div class='ocr_carea' id='block_1_3' title="bbox 116 660 1221 742">
    <p class='ocr_par' dir='ltr' id='par_1_3' title="bbox 20 647 1221 742">
     <span class='ocr_line' id='line_1_3' title="bbox 116 660 1221 742; baseline 0 -20"><span class='ocrx_word' id='word_1_8' title='bbox 116 660 223 720; x_wconf 91' lang='lat' dir='ltr'>omnino</span> <span class='ocrx_word' id='word_1_9' title='bbox 250 661 347 721; x_wconf 92' lang='lat' dir='ltr'>minus</span> <span class='ocrx_word' id='word_1_10' title='bbox 375 667 453 720; x_wconf 88' lang='lat' dir='ltr'>esset</span> <span class='ocrx_word' id='word_1_11' title='bbox 481 680 569 740; x_wconf 90' lang='lat' dir='ltr'>qnam</span> <span class='ocrx_word' id='word_1_12' title='bbox 598 660 745 722; x_wconf 81' lang='lat' dir='ltr'><strong>incolatus</strong></span> <span class='ocrx_word' id='word_1_13' title='bbox 772 663 857 722; x_wconf 89' lang='lat' dir='ltr'>ratio.</span> <span class='ocrx_word' id='word_1_14' title='bbox 903 661 969 723; x_wconf 82' lang='lat' dir='ltr'>Filii</span> <span class='ocrx_word' id='word_1_15' title='bbox 997 679 1068 724; x_wconf 86' lang='lat' dir='ltr'>vero</span> <span class='ocrx_word' id='word_1_16' title='bbox 1091 662 1221 742; x_wconf 78' lang='lat' dir='ltr'>adoptivi</span> 
     </span>
    </p>
   </div>
   <div class='ocr_carea' id='block_1_4' title="bbox 110 761 1221 1759">
    <p class='ocr_par' dir='ltr' id='par_1_4' title="bbox 110 761 1221 1759">
     <span class='ocr_line' id='line_1_4' title="bbox 114 761 1221 841; baseline 0.005 -24"><span class='ocrx_word' id='word_1_17' title='bbox 114 761 255 840; x_wconf 88' lang='lat' dir='ltr'>inscriptio</span> <span class='ocrx_word' id='word_1_18' title='bbox 277 768 322 822; x_wconf 88' lang='lat' dir='ltr'>est</span> <span class='ocrx_word' id='word_1_19' title='bbox 342 763 373 822; x_wconf 91' lang='lat' dir='ltr'>P.</span> <span class='ocrx_word' id='word_1_20' title='bbox 392 762 514 824; x_wconf 89' lang='lat' dir='ltr'>Sammii</span> <span class='ocrx_word' id='word_1_21' title='bbox 529 761 669 832; x_wconf 81' lang='lat' dir='ltr'>Materni,</span> <span class='ocrx_word' id='word_1_22' title='bbox 693 765 743 841; x_wconf 91' lang='lat' dir='ltr'>qui</span> <span class='ocrx_word' id='word_1_23' title='bbox 765 763 873 824; x_wconf 91' lang='lat' dir='ltr'>dieitur</span> <span class='ocrx_word' id='word_1_24' title='bbox 894 763 1031 824; x_wconf 89' lang='lat' dir='ltr'>alumnus</span> <span class='ocrx_word' id='word_1_25' title='bbox 1048 763 1081 825; x_wconf 92' lang='lat' dir='ltr'>P.</span> <span class='ocrx_word' id='word_1_26' title='bbox 1099 764 1221 824; x_wconf 89' lang='lat' dir='ltr'>Sammii</span> 
     </span>
     <span class='ocr_line' id='line_1_5' title="bbox 114 859 1219 944; baseline 0.004 -23"><span class='ocrx_word' id='word_1_27' title='bbox 114 861 141 920; x_wconf 88' lang='lat' dir='ltr'>P.</span> <span class='ocrx_word' id='word_1_28' title='bbox 163 863 180 922; x_wconf 84' lang='lat' dir='ltr'>i.</span> <span class='ocrx_word' id='word_1_29' title='bbox 202 859 327 924; x_wconf 80' lang='lat' dir='ltr'>Voltinia</span> <span class='ocrx_word' id='word_1_30' title='bbox 342 864 504 944; x_wconf 79' lang='lat' dir='ltr'>Eutyoiani,</span> <span class='ocrx_word' id='word_1_31' title='bbox 529 871 559 925; x_wconf 92' lang='lat' dir='ltr'>at</span> <span class='ocrx_word' id='word_1_32' title='bbox 582 864 659 944; x_wconf 86' lang='lat' dir='ltr'>quod</span> <span class='ocrx_word' id='word_1_33' title='bbox 680 867 744 944; x_wconf 90' lang='lat' dir='ltr'>ipse</span> <span class='ocrx_word' id='word_1_34' title='bbox 761 865 912 926; x_wconf 81' lang='lat' dir='ltr'>Maternus</span> <span class='ocrx_word' id='word_1_35' title='bbox 935 867 1043 927; x_wconf 85' lang='lat' dir='ltr'>tribum</span> <span class='ocrx_word' id='word_1_36' title='bbox 1068 883 1127 926; x_wconf 90' lang='lat' dir='ltr'>non</span> <span class='ocrx_word' id='word_1_37' title='bbox 1150 884 1219 944; x_wconf 93' lang='lat' dir='ltr'>pro-</span> 
     </span>
     <span class='ocr_line' id='line_1_6' title="bbox 114 961 1220 1045; baseline 0.005 -25"><span class='ocrx_word' id='word_1_38' title='bbox 114 961 202 1024; x_wconf 86' lang='lat' dir='ltr'>fitetur</span> <span class='ocrx_word' id='word_1_39' title='bbox 221 983 318 1045; x_wconf 90' lang='lat' dir='ltr'>neque</span> <span class='ocrx_word' id='word_1_40' title='bbox 341 972 469 1035; x_wconf 88' lang='lat' dir='ltr'>constat,</span> <span class='ocrx_word' id='word_1_41' title='bbox 493 983 566 1026; x_wconf 91' lang='lat' dir='ltr'>num</span> <span class='ocrx_word' id='word_1_42' title='bbox 593 968 619 1026; x_wconf 88' lang='lat' dir='ltr'>is</span> <span class='ocrx_word' id='word_1_43' title='bbox 644 984 764 1045; x_wconf 87' lang='lat' dir='ltr'>quoque</span> <span class='ocrx_word' id='word_1_44' title='bbox 785 968 876 1028; x_wconf 85' lang='lat' dir='ltr'>luerit</span> <span class='ocrx_word' id='word_1_45' title='bbox 898 968 1122 1036; x_wconf 76' lang='lat' dir='ltr'>NemausensiS,</span> <span class='ocrx_word' id='word_1_46' title='bbox 1147 967 1220 1027; x_wconf 89' lang='lat' dir='ltr'>nibil</span> 
     </span>
     <span class='ocr_line' id='line_1_7' title="bbox 113 1062 1219 1145; baseline 0.007 -24"><span class='ocrx_word' id='word_1_47' title='bbox 113 1062 173 1124; x_wconf 92' lang='lat' dir='ltr'>inde</span> <span class='ocrx_word' id='word_1_48' title='bbox 194 1074 294 1145; x_wconf 75' lang='lat' dir='ltr'>potest¹</span> <span class='ocrx_word' id='word_1_49' title='bbox 315 1066 438 1129; x_wconf 89' lang='lat' dir='ltr'>desumi.</span> <span class='ocrx_word' id='word_1_50' title='bbox 486 1068 594 1128; x_wconf 82' lang='lat' dir='ltr'>Contra</span> <span class='ocrx_word' id='word_1_51' title='bbox 623 1067 799 1129; x_wconf 89' lang='lat' dir='ltr'>libertorum</span> <span class='ocrx_word' id='word_1_52' title='bbox 829 1068 963 1130; x_wconf 88' lang='lat' dir='ltr'>condicio</span> <span class='ocrx_word' id='word_1_53' title='bbox 993 1088 1030 1130; x_wconf 85' lang='lat' dir='ltr'>ex</span> <span class='ocrx_word' id='word_1_54' title='bbox 1051 1069 1144 1130; x_wconf 90' lang='lat' dir='ltr'>titulis</span> <span class='ocrx_word' id='word_1_55' title='bbox 1166 1087 1219 1129; x_wconf 93' lang='lat' dir='ltr'>no-</span> 
     </span>
     <span class='ocr_line' id='line_1_8' title="bbox 114 1166 1219 1252; baseline 0.015 -30"><span class='ocrx_word' id='word_1_56' title='bbox 114 1166 172 1224; x_wconf 87' lang='lat' dir='ltr'>stris</span> <span class='ocrx_word' id='word_1_57' title='bbox 193 1174 234 1226; x_wconf 92' lang='lat' dir='ltr'>est</span> <span class='ocrx_word' id='word_1_58' title='bbox 255 1171 424 1248; x_wconf 87' lang='lat' dir='ltr'>perspicua.</span> <span class='ocrx_word' id='word_1_59' title='bbox 470 1169 505 1230; x_wconf 80' lang='lat' dir='ltr'>C.</span> <span class='ocrx_word' id='word_1_60' title='bbox 527 1171 605 1230; x_wconf 88' lang='lat' dir='ltr'>enim</span> <span class='ocrx_word' id='word_1_61' title='bbox 628 1169 765 1229; x_wconf 85' lang='lat' dir='ltr'>Liberius</span> <span class='ocrx_word' id='word_1_62' title='bbox 787 1170 965 1232; x_wconf 88' lang='lat' dir='ltr'>Decimanus</span> <span class='ocrx_word' id='word_1_63' title='bbox 988 1171 1065 1252; x_wconf 86' lang='lat' dir='ltr'>(app.</span> <span class='ocrx_word' id='word_1_64' title='bbox 1089 1190 1118 1230; x_wconf 92' lang='lat' dir='ltr'>n.</span> <span class='ocrx_word' id='word_1_65' title='bbox 1136 1166 1219 1248; x_wconf 82' lang='lat'><strong>536),</strong></span> 
     </span>
     <span class='ocr_line' id='line_1_9' title="bbox 113 1270 1218 1353; baseline 0.006 -29"><span class='ocrx_word' id='word_1_66' title='bbox 113 1273 189 1328; x_wconf 90' lang='lat' dir='ltr'>nauta</span> <span class='ocrx_word' id='word_1_67' title='bbox 203 1270 350 1353; x_wconf 74' lang='lat' dir='ltr'>Araricus</span> <span class='ocrx_word' id='word_1_68' title='bbox 373 1271 485 1332; x_wconf 88' lang='lat' dir='ltr'>tribum</span> <span class='ocrx_word' id='word_1_69' title='bbox 509 1271 628 1350; x_wconf 87' lang='lat' dir='ltr'>quidem</span> <span class='ocrx_word' id='word_1_70' title='bbox 643 1290 704 1331; x_wconf 93' lang='lat' dir='ltr'>non</span> <span class='ocrx_word' id='word_1_71' title='bbox 726 1271 837 1334; x_wconf 90' lang='lat' dir='ltr'>indicat</span> <span class='ocrx_word' id='word_1_72' title='bbox 860 1280 892 1333; x_wconf 93' lang='lat' dir='ltr'>ut</span> <span class='ocrx_word' id='word_1_73' title='bbox 914 1272 1049 1342; x_wconf 87' lang='lat' dir='ltr'>libertus,</span> <span class='ocrx_word' id='word_1_74' title='bbox 1075 1274 1146 1333; x_wconf 86' lang='lat' dir='ltr'>civis</span> <span class='ocrx_word' id='word_1_75' title='bbox 1169 1290 1218 1331; x_wconf 91' lang='lat' dir='ltr'>au-</span> 
     </span>
     <span class='ocr_line' id='line_1_10' title="bbox 113 1369 1220 1453; baseline 0.006 -28"><span class='ocrx_word' id='word_1_76' title='bbox 113 1371 164 1427; x_wconf 91' lang='lat' dir='ltr'>tem</span> <span class='ocrx_word' id='word_1_77' title='bbox 188 1369 300 1445; x_wconf 79' lang='lat' dir='ltr'>dicitur¹</span> <span class='ocrx_word' id='word_1_78' title='bbox 323 1375 508 1434; x_wconf 88' lang='lat' dir='ltr'>Viennensis.</span> <span class='ocrx_word' id='word_1_79' title='bbox 560 1374 672 1435; x_wconf 80' lang='lat' dir='ltr'>Deinde</span> <span class='ocrx_word' id='word_1_80' title='bbox 707 1375 741 1442; x_wconf 83' lang='lat' dir='ltr'>T.</span> <span class='ocrx_word' id='word_1_81' title='bbox 772 1374 898 1453; x_wconf 89' lang='lat' dir='ltr'>Spurius</span> <span class='ocrx_word' id='word_1_82' title='bbox 926 1374 1053 1436; x_wconf 86' lang='lat' dir='ltr'>Voltinia</span> <span class='ocrx_word' id='word_1_83' title='bbox 1080 1374 1220 1434; x_wconf 88' lang='lat' dir='ltr'>Gratinus</span> 
     </span>
     <span class='ocr_line' id='line_1_11' title="bbox 113 1468 1219 1555; baseline 0 -21"><span class='ocrx_word' id='word_1_84' title='bbox 113 1469 146 1548; x_wconf 83' lang='lat' dir='ltr'>(n.</span> <span class='ocrx_word' id='word_1_85' title='bbox 162 1468 227 1550; x_wconf 78' lang='lat'>258)</span> <span class='ocrx_word' id='word_1_86' title='bbox 250 1473 477 1544; x_wconf 87' lang='lat' dir='ltr'>Nemausensis,</span> <span class='ocrx_word' id='word_1_87' title='bbox 502 1475 581 1554; x_wconf 93' lang='lat' dir='ltr'>quod</span> <span class='ocrx_word' id='word_1_88' title='bbox 604 1483 689 1555; x_wconf 89' lang='lat' dir='ltr'>pater</span> <span class='ocrx_word' id='word_1_89' title='bbox 712 1468 771 1536; x_wconf 91' lang='lat' dir='ltr'>non</span> <span class='ocrx_word' id='word_1_90' title='bbox 795 1477 975 1546; x_wconf 88' lang='lat' dir='ltr'>nominatur,</span> <span class='ocrx_word' id='word_1_91' title='bbox 1001 1475 1096 1536; x_wconf 90' lang='lat' dir='ltr'>tribus</span> <span class='ocrx_word' id='word_1_92' title='bbox 1119 1481 1219 1536; x_wconf 91' lang='lat' dir='ltr'>autem</span> 
     </span>
     <span class='ocr_line' id='line_1_12' title="bbox 110 1570 1218 1658; baseline 0.006 -29"><span class='ocrx_word' id='word_1_93' title='bbox 110 1570 245 1635; x_wconf 88' lang='lat' dir='ltr'>indicatur</span> <span class='ocrx_word' id='word_1_94' title='bbox 267 1575 530 1646; x_wconf 89' lang='lat' dir='ltr'>Nemausensium,</span> <span class='ocrx_word' id='word_1_95' title='bbox 562 1577 655 1638; x_wconf 86' lang='lat' dir='ltr'>dlium</span> <span class='ocrx_word' id='word_1_96' title='bbox 679 1597 711 1638; x_wconf 91' lang='lat' dir='ltr'>se</span> <span class='ocrx_word' id='word_1_97' title='bbox 739 1578 840 1658; x_wconf 85' lang='lat' dir='ltr'>prodit</span> <span class='ocrx_word' id='word_1_98' title='bbox 861 1578 961 1638; x_wconf 90' lang='lat' dir='ltr'>liberti</span> <span class='ocrx_word' id='word_1_99' title='bbox 984 1593 1149 1654; x_wconf 90' lang='lat' dir='ltr'>eorumque</span> <span class='ocrx_word' id='word_1_100' title='bbox 1173 1594 1218 1636; x_wconf 87' lang='lat' dir='ltr'>se-</span> 
     </span>
     <span class='ocr_line' id='line_1_13' title="bbox 111 1673 1219 1759; baseline 0.005 -27"><span class='ocrx_word' id='word_1_101' title='bbox 111 1673 201 1747; x_wconf 83' lang='lat' dir='ltr'>quitur</span> <span class='ocrx_word' id='word_1_102' title='bbox 221 1676 329 1754; x_wconf 86' lang='lat' dir='ltr'>legem.</span> <span class='ocrx_word' id='word_1_103' title='bbox 369 1679 398 1738; x_wconf 88' lang='lat' dir='ltr'>S.</span> <span class='ocrx_word' id='word_1_104' title='bbox 423 1686 522 1739; x_wconf 90' lang='lat' dir='ltr'>autem</span> <span class='ocrx_word' id='word_1_105' title='bbox 552 1678 676 1739; x_wconf 82' lang='lat' dir='ltr'>Fadium</span> <span class='ocrx_word' id='word_1_106' title='bbox 705 1680 823 1759; x_wconf 91' lang='lat' dir='ltr'>Papiria</span> <span class='ocrx_word' id='word_1_107' title='bbox 852 1680 965 1741; x_wconf 89' lang='lat' dir='ltr'>Musam</span> <span class='ocrx_word' id='word_1_108' title='bbox 995 1679 1219 1740; x_wconf 87' lang='lat' dir='ltr'>Narbonensem</span> 
     </span>
    </p>
   </div>
   <div class='ocr_carea' id='block_1_5' title="bbox 21 1772 1218 1861">
    <p class='ocr_par' dir='ltr' id='par_1_5' title="bbox 21 1772 1218 1861">
     <span class='ocr_line' id='line_1_14' title="bbox 21 1772 1218 1861; baseline -0.003 -17"><span class='ocrx_word' id='word_1_109' title='bbox 21 1805 22 1808; x_wconf 44' lang='lat'>¹</span> <span class='ocrx_word' id='word_1_110' title='bbox 111 1772 144 1853; x_wconf 80' lang='lat' dir='ltr'>(ss-</span> <span class='ocrx_word' id='word_1_111' title='bbox 167 1773 229 1856; x_wconf 87' lang='lat'>18),</span> <span class='ocrx_word' id='word_1_112' title='bbox 260 1781 312 1856; x_wconf 93' lang='lat' dir='ltr'>qui</span> <span class='ocrx_word' id='word_1_113' title='bbox 335 1787 364 1839; x_wconf 86' lang='lat' dir='ltr'>et</span> <span class='ocrx_word' id='word_1_114' title='bbox 385 1781 450 1859; x_wconf 91' lang='lat' dir='ltr'>ipse</span> <span class='ocrx_word' id='word_1_115' title='bbox 473 1788 506 1841; x_wconf 86' lang='lat' dir='ltr'>ut</span> <span class='ocrx_word' id='word_1_116' title='bbox 527 1783 620 1859; x_wconf 92' lang='lat' dir='ltr'>patris</span> <span class='ocrx_word' id='word_1_117' title='bbox 642 1788 720 1842; x_wconf 87' lang='lat' dir='ltr'>tacet</span> <span class='ocrx_word' id='word_1_118' title='bbox 748 1800 872 1850; x_wconf 87' lang='lat' dir='ltr'>nornen,</span> <span class='ocrx_word' id='word_1_119' title='bbox 901 1783 941 1842; x_wconf 92' lang='lat' dir='ltr'>ita</span> <span class='ocrx_word' id='word_1_120' title='bbox 963 1781 1075 1841; x_wconf 88' lang='lat' dir='ltr'>tribum</span> <span class='ocrx_word' id='word_1_121' title='bbox 1097 1781 1218 1861; x_wconf 84' lang='lat' dir='ltr'>prolite-</span> 
     </span>
    </p>
   </div>
   <div class='ocr_carea' id='block_1_6' title="bbox 108 1880 1220 2064">
    <p class='ocr_par' dir='ltr' id='par_1_6' title="bbox 108 1880 1220 2064">
     <span class='ocr_line' id='line_1_15' title="bbox 109 1880 1218 1959; baseline 0.007 -26"><span class='ocrx_word' id='word_1_122' title='bbox 109 1883 151 1935; x_wconf 89' lang='lat' dir='ltr'>tur</span> <span class='ocrx_word' id='word_1_123' title='bbox 178 1897 301 1959; x_wconf 89' lang='lat' dir='ltr'>eamque</span> <span class='ocrx_word' id='word_1_124' title='bbox 333 1881 465 1942; x_wconf 88' lang='lat' dir='ltr'>coloniae</span> <span class='ocrx_word' id='word_1_125' title='bbox 488 1882 650 1953; x_wconf 75' lang='lat' dir='ltr'>NarboniS,</span> <span class='ocrx_word' id='word_1_126' title='bbox 680 1883 772 1944; x_wconf 89' lang='lat' dir='ltr'>lilium</span> <span class='ocrx_word' id='word_1_127' title='bbox 795 1882 929 1942; x_wconf 89' lang='lat' dir='ltr'>videmus</span> <span class='ocrx_word' id='word_1_128' title='bbox 959 1901 1023 1942; x_wconf 89' lang='lat' dir='ltr'>esse</span> <span class='ocrx_word' id='word_1_129' title='bbox 1045 1882 1145 1941; x_wconf 89' lang='lat' dir='ltr'>liberti</span> <span class='ocrx_word' id='word_1_130' title='bbox 1168 1880 1218 1941; x_wconf 94' lang='lat' dir='ltr'>ad-</span> 
     </span>
     <span class='ocr_line' id='line_1_16' title="bbox 108 1978 1220 2064; baseline 0.006 -28"><span class='ocrx_word' id='word_1_131' title='bbox 108 1978 218 2040; x_wconf 89' lang='lat' dir='ltr'>missum</span> <span class='ocrx_word' id='word_1_132' title='bbox 247 1983 284 2044; x_wconf 89' lang='lat' dir='ltr'>ad</span> <span class='ocrx_word' id='word_1_133' title='bbox 313 2002 416 2044; x_wconf 89' lang='lat' dir='ltr'>omnes</span> <span class='ocrx_word' id='word_1_134' title='bbox 444 1983 574 2062; x_wconf 87' lang='lat' dir='ltr'>honores</span> <span class='ocrx_word' id='word_1_135' title='bbox 605 1984 808 2064; x_wconf 76' lang='lat' dir='ltr'>municipales</span> <span class='ocrx_word' id='word_1_136' title='bbox 855 1984 989 2060; x_wconf 85' lang='lat' dir='ltr'>Denique</span> <span class='ocrx_word' id='word_1_137' title='bbox 1019 1983 1050 2042; x_wconf 89' lang='lat' dir='ltr'>L.</span> <span class='ocrx_word' id='word_1_138' title='bbox 1078 1982 1220 2043; x_wconf 90' lang='lat' dir='ltr'>Aemilius</span> 
     </span>
    </p>
   </div>
   <div class='ocr_carea' id='block_1_7' title="bbox 20 2075 1218 2167">
    <p class='ocr_par' dir='ltr' id='par_1_7' title="bbox 20 2075 1218 2167">
     <span class='ocr_line' id='line_1_17' title="bbox 20 2075 1218 2167; baseline 0.005 -30"><span class='ocrx_word' id='word_1_139' title='bbox 20 2133 22 2138; x_wconf 88' lang='grc'><em>,</em></span> <span class='ocrx_word' id='word_1_140' title='bbox 86 2075 250 2167; x_wconf 88' lang='lat' dir='ltr'>Moschus,</span> <span class='ocrx_word' id='word_1_141' title='bbox 281 2082 406 2147; x_wconf 89' lang='lat' dir='ltr'>libertus</span> <span class='ocrx_word' id='word_1_142' title='bbox 429 2086 460 2146; x_wconf 89' lang='lat' dir='ltr'>L.</span> <span class='ocrx_word' id='word_1_143' title='bbox 486 2086 601 2147; x_wconf 79' lang='lat' dir='ltr'>Aemilii</span> <span class='ocrx_word' id='word_1_144' title='bbox 630 2087 662 2146; x_wconf 93' lang='lat' dir='ltr'>L.</span> <span class='ocrx_word' id='word_1_145' title='bbox 687 2087 707 2146; x_wconf 82' lang='lat' dir='ltr'>f.</span> <span class='ocrx_word' id='word_1_146' title='bbox 732 2087 850 2164; x_wconf 91' lang='lat' dir='ltr'>Papiria</span> <span class='ocrx_word' id='word_1_147' title='bbox 877 2085 982 2145; x_wconf 90' lang='lat' dir='ltr'>Arcani</span> <span class='ocrx_word' id='word_1_148' title='bbox 1007 2084 1218 2153; x_wconf 87' lang='lat' dir='ltr'>Narbonensis,</span> 
     </span>
    </p>
   </div>
   <div class='ocr_carea' id='block_1_8' title="bbox 108 2180 1218 2368">
    <p class='ocr_par' dir='ltr' id='par_1_8' title="bbox 108 2180 1218 2368">
     <span class='ocr_line' id='line_1_18' title="bbox 108 2180 1218 2274; baseline 0.003 -33"><span class='ocrx_word' id='word_1_149' title='bbox 108 2182 151 2258; x_wconf 91' lang='lat' dir='ltr'>qui</span> <span class='ocrx_word' id='word_1_150' title='bbox 171 2183 205 2244; x_wconf 90' lang='lat' dir='ltr'>ab</span> <span class='ocrx_word' id='word_1_151' title='bbox 227 2187 410 2264; x_wconf 89' lang='lat' dir='ltr'>imperatore</span> <span class='ocrx_word' id='word_1_152' title='bbox 432 2188 582 2248; x_wconf 85' lang='lat' dir='ltr'>Hadriano</span> <span class='ocrx_word' id='word_1_153' title='bbox 611 2189 642 2249; x_wconf 90' lang='lat' dir='ltr'>in</span> <span class='ocrx_word' id='word_1_154' title='bbox 665 2194 798 2248; x_wconf 87' lang='lat' dir='ltr'>senatum</span> <span class='ocrx_word' id='word_1_155' title='bbox 823 2186 970 2248; x_wconf 91' lang='lat' dir='ltr'>urbanum</span> <span class='ocrx_word' id='word_1_156' title='bbox 999 2180 1063 2246; x_wconf 86' lang='lat' dir='ltr'>erat</span> <span class='ocrx_word' id='word_1_157' title='bbox 1084 2183 1218 2274; x_wconf 60' lang='lat' dir='ltr'>allectus.</span> 
     </span>
     <span class='ocr_line' id='line_1_19' title="bbox 108 2285 1116 2368; baseline 0.01 -28"><span class='ocrx_word' id='word_1_158' title='bbox 108 2285 176 2344; x_wconf 84' lang='lat' dir='ltr'>sevir</span> <span class='ocrx_word' id='word_1_159' title='bbox 195 2287 365 2366; x_wconf 82' lang='lat' dir='ltr'>Augustalis</span> <span class='ocrx_word' id='word_1_160' title='bbox 386 2289 526 2368; x_wconf 87' lang='lat' dir='ltr'>idemque</span> <span class='ocrx_word' id='word_1_161' title='bbox 549 2291 704 2368; x_wconf 85' lang='lat' dir='ltr'>municeps</span> <span class='ocrx_word' id='word_1_162' title='bbox 727 2294 771 2349; x_wconf 90' lang='lat' dir='ltr'>est</span> <span class='ocrx_word' id='word_1_163' title='bbox 793 2288 931 2350; x_wconf 90' lang='lat' dir='ltr'>Narbone</span> <span class='ocrx_word' id='word_1_164' title='bbox 955 2287 993 2366; x_wconf 82' lang='lat' dir='ltr'>(n.</span> <span class='ocrx_word' id='word_1_165' title='bbox 1019 2285 1079 2366; x_wconf 81' lang='lat'>17).</span> <span class='ocrx_word' id='word_1_166' title='bbox 1114 2322 1116 2328; x_wconf 94' lang='lat'>·</span> 
     </span>
    </p>
   </div>
   <div class='ocr_carea' id='block_1_9' title="bbox 78 2386 1314 2470">
    <p class='ocr_par' dir='ltr' id='par_1_9' title="bbox 78 2386 1314 2470">
     <span class='ocr_line' id='line_1_20' title="bbox 78 2386 1314 2470; baseline -0.001 -22"><span class='ocrx_word' id='word_1_167' title='bbox 78 2414 79 2419; x_wconf 44' lang='lat'>¹</span> <span class='ocrx_word' id='word_1_168' title='bbox 181 2387 380 2468; x_wconf 84' lang='lat' dir='ltr'>Municipibus</span> <span class='ocrx_word' id='word_1_169' title='bbox 403 2409 471 2452; x_wconf 89' lang='lat' dir='ltr'>cum</span> <span class='ocrx_word' id='word_1_170' title='bbox 488 2392 588 2452; x_wconf 87' lang='lat' dir='ltr'>civitas</span> <span class='ocrx_word' id='word_1_171' title='bbox 606 2394 691 2453; x_wconf 91' lang='lat' dir='ltr'>cuius</span> <span class='ocrx_word' id='word_1_172' title='bbox 706 2398 775 2452; x_wconf 91' lang='lat' dir='ltr'>sunt</span> <span class='ocrx_word' id='word_1_173' title='bbox 797 2408 852 2470; x_wconf 86' lang='lat' dir='ltr'>pro</span> <span class='ocrx_word' id='word_1_174' title='bbox 874 2391 969 2468; x_wconf 87' lang='lat' dir='ltr'>patria</span> <span class='ocrx_word' id='word_1_175' title='bbox 992 2391 1046 2458; x_wconf 88' lang='lat' dir='ltr'>sit,</span> <span class='ocrx_word' id='word_1_176' title='bbox 1070 2386 1219 2449; x_wconf 90' lang='lat' dir='ltr'>incolae</span> <span class='ocrx_word' id='word_1_177' title='bbox 1310 2395 1314 2402; x_wconf 86' lang='lat'>&#39;</span> 
     </span>
    </p>
   </div>
   <div class='ocr_carea' id='block_1_10' title="bbox 105 2485 1219 2674">
    <p class='ocr_par' dir='ltr' id='par_1_10' title="bbox 105 2485 1219 2674">
     <span class='ocr_line' id='line_1_21' title="bbox 106 2485 1219 2572; baseline 0.006 -29"><span class='ocrx_word' id='word_1_178' title='bbox 106 2485 160 2546; x_wconf 82' lang='lat' dir='ltr'>sive</span> <span class='ocrx_word' id='word_1_179' title='bbox 181 2493 231 2566; x_wconf 86' lang='lat' dir='ltr'>qui</span> <span class='ocrx_word' id='word_1_180' title='bbox 255 2510 292 2551; x_wconf 85' lang='lat' dir='ltr'>ex</span> <span class='ocrx_word' id='word_1_181' title='bbox 314 2489 410 2553; x_wconf 88' lang='lat' dir='ltr'>aliena</span> <span class='ocrx_word' id='word_1_182' title='bbox 432 2495 549 2553; x_wconf 89' lang='lat' dir='ltr'>civitate</span> <span class='ocrx_word' id='word_1_183' title='bbox 572 2495 779 2572; x_wconf 83' lang='lat' dir='ltr'>immigrarunt</span> <span class='ocrx_word' id='word_1_184' title='bbox 807 2492 908 2553; x_wconf 88' lang='lat' dir='ltr'>sedem</span> <span class='ocrx_word' id='word_1_185' title='bbox 930 2497 1106 2570; x_wconf 85' lang='lat' dir='ltr'>perpetuam</span> <span class='ocrx_word' id='word_1_186' title='bbox 1128 2493 1159 2550; x_wconf 93' lang='lat' dir='ltr'>in</span> <span class='ocrx_word' id='word_1_187' title='bbox 1184 2509 1219 2550; x_wconf 92' lang='lat' dir='ltr'>eo</span> 
     </span>
     <span class='ocr_line' id='line_1_22' title="bbox 105 2591 1218 2674; baseline 0.004 -28"><span class='ocrx_word' id='word_1_188' title='bbox 105 2591 273 2671; x_wconf 87' lang='lat' dir='ltr'>municipio,</span> <span class='ocrx_word' id='word_1_189' title='bbox 302 2595 333 2653; x_wconf 93' lang='lat' dir='ltr'>in</span> <span class='ocrx_word' id='word_1_190' title='bbox 362 2595 440 2673; x_wconf 86' lang='lat' dir='ltr'>quod</span> <span class='ocrx_word' id='word_1_191' title='bbox 464 2597 686 2674; x_wconf 82' lang='lat' dir='ltr'>immigrarunt,</span> <span class='ocrx_word' id='word_1_192' title='bbox 715 2595 860 2663; x_wconf 90' lang='lat' dir='ltr'>habituri,</span> <span class='ocrx_word' id='word_1_193' title='bbox 891 2593 1073 2654; x_wconf 84' lang='lat' dir='ltr'>domicilium</span> <span class='ocrx_word' id='word_1_194' title='bbox 1097 2591 1218 2669; x_wconf 91' lang='lat' dir='ltr'>quidem</span> 
     </span>
    </p>
   </div>
   <div class='ocr_carea' id='block_1_11' title="bbox 20 2671 1220 3487">
    <p class='ocr_par' dir='ltr' id='par_1_11' title="bbox 20 2671 1220 3496">
     <span class='ocr_line' id='line_1_23' title="bbox 20 2671 1219 2774; baseline 0.006 -28"><span class='ocrx_word' id='word_1_195' title='bbox 20 2767 21 2770; x_wconf 8' lang='grc' dir='ltr'><strong>Ἴ</strong></span> <span class='ocrx_word' id='word_1_196' title='bbox 103 2671 282 2764; x_wconf 65' lang='lat' dir='ltr'>ruitabant}</span> <span class='ocrx_word' id='word_1_197' title='bbox 302 2697 429 2774; x_wconf 90' lang='lat' dir='ltr'>patriam</span> <span class='ocrx_word' id='word_1_198' title='bbox 451 2715 521 2761; x_wconf 88' lang='lat' dir='ltr'>vcro</span> <span class='ocrx_word' id='word_1_199' title='bbox 545 2717 607 2757; x_wconf 93' lang='lat' dir='ltr'>non</span> <span class='ocrx_word' id='word_1_200' title='bbox 629 2697 767 2758; x_wconf 88' lang='lat' dir='ltr'>desinunt</span> <span class='ocrx_word' id='word_1_201' title='bbox 789 2696 899 2756; x_wconf 88' lang='lat' dir='ltr'>habere</span> <span class='ocrx_word' id='word_1_202' title='bbox 924 2713 1003 2764; x_wconf 88' lang='lat' dir='ltr'>eam,</span> <span class='ocrx_word' id='word_1_203' title='bbox 1031 2694 1111 2754; x_wconf 89' lang='lat' dir='ltr'>unde</span> <span class='ocrx_word' id='word_1_204' title='bbox 1135 2703 1219 2754; x_wconf 89' lang='lat' dir='ltr'>erant</span> 
     </span>
     <span class='ocr_line' id='line_1_24' title="bbox 105 2794 1218 2877; baseline 0.002 -24.858"><span class='ocrx_word' id='word_1_205' title='bbox 105 2794 221 2856; x_wconf 88' lang='lat' dir='ltr'>oriundi.</span> <span class='ocrx_word' id='word_1_206' title='bbox 268 2795 422 2876; x_wconf 89' lang='lat' dir='ltr'>Plerisque</span> <span class='ocrx_word' id='word_1_207' title='bbox 445 2799 566 2877; x_wconf 90' lang='lat' dir='ltr'>quidem</span> <span class='ocrx_word' id='word_1_208' title='bbox 581 2799 751 2860; x_wconf 89' lang='lat' dir='ltr'>hominibus</span> <span class='ocrx_word' id='word_1_209' title='bbox 767 2816 844 2860; x_wconf 92' lang='lat' dir='ltr'>unus</span> <span class='ocrx_word' id='word_1_210' title='bbox 867 2805 911 2856; x_wconf 89' lang='lat' dir='ltr'>cst</span> <span class='ocrx_word' id='word_1_211' title='bbox 932 2796 1074 2856; x_wconf 89' lang='lat' dir='ltr'>domicilii</span> <span class='ocrx_word' id='word_1_212' title='bbox 1097 2803 1126 2855; x_wconf 86' lang='lat' dir='ltr'>et</span> <span class='ocrx_word' id='word_1_213' title='bbox 1148 2797 1218 2856; x_wconf 87' lang='lat' dir='ltr'>civi-</span> 
     </span>
     <span class='ocr_line' id='line_1_25' title="bbox 20 2894 1216 2980; baseline 0.004 -30"><span class='ocrx_word' id='word_1_214' title='bbox 20 2897 22 2978; x_wconf 67' lang='lat'>}</span> <span class='ocrx_word' id='word_1_215' title='bbox 105 2894 285 2967; x_wconf 74' lang='lat' dir='ltr'>lausiacus,</span> <span class='ocrx_word' id='word_1_216' title='bbox 316 2899 366 2958; x_wconf 90' lang='lat' dir='ltr'>sed</span> <span class='ocrx_word' id='word_1_217' title='bbox 399 2903 521 2978; x_wconf 80' lang='lat' dir='ltr'>originis</span> <span class='ocrx_word' id='word_1_218' title='bbox 544 2903 642 2980; x_wconf 90' lang='lat' dir='ltr'>potius</span> <span class='ocrx_word' id='word_1_219' title='bbox 665 2920 769 2961; x_wconf 85' lang='lat' dir='ltr'>caussa</span> <span class='ocrx_word' id='word_1_220' title='bbox 791 2917 879 2975; x_wconf 89' lang='lat' dir='ltr'>quarn</span> <span class='ocrx_word' id='word_1_221' title='bbox 906 2898 1029 2976; x_wconf 90' lang='lat' dir='ltr'>propria</span> <span class='ocrx_word' id='word_1_222' title='bbox 1051 2895 1216 2964; x_wconf 82' lang='lat' dir='ltr'>voluntate:</span> 
     </span>
     <span class='ocr_line' id='line_1_26' title="bbox 20 2983 1219 3078; baseline 0.003 -26"><span class='ocrx_word' id='word_1_223' title='bbox 20 3013 22 3064; x_wconf 76' lang='lat'><em>3</em></span> <span class='ocrx_word' id='word_1_224' title='bbox 101 2994 209 3058; x_wconf 87' lang='lat' dir='ltr'>incolae</span> <span class='ocrx_word' id='word_1_225' title='bbox 230 3019 286 3060; x_wconf 90' lang='lat' dir='ltr'>sua</span> <span class='ocrx_word' id='word_1_226' title='bbox 308 3001 457 3062; x_wconf 88' lang='lat' dir='ltr'>voluntate</span> <span class='ocrx_word' id='word_1_227' title='bbox 479 3002 661 3063; x_wconf 89' lang='lat' dir='ltr'>domicilium</span> <span class='ocrx_word' id='word_1_228' title='bbox 683 3000 794 3061; x_wconf 91' lang='lat' dir='ltr'>habent</span> <span class='ocrx_word' id='word_1_229' title='bbox 816 3019 831 3059; x_wconf 90' lang='lat' dir='ltr'>a</span> <span class='ocrx_word' id='word_1_230' title='bbox 852 2983 946 3078; x_wconf 87' lang='lat' dir='ltr'>patria</span> <span class='ocrx_word' id='word_1_231' title='bbox 970 2999 1129 3058; x_wconf 88' lang='lat' dir='ltr'>diversum.</span> <span class='ocrx_word' id='word_1_232' title='bbox 1175 2996 1219 3057; x_wconf 93' lang='lat' dir='ltr'>Ab</span> 
     </span>
     <span class='ocr_line' id='line_1_27' title="bbox 20 3092 1220 3183; baseline 0.003 -29"><span class='ocrx_word' id='word_1_233' title='bbox 20 3109 22 3148; x_wconf 70' lang='lat' dir='ltr'>f</span> <span class='ocrx_word' id='word_1_234' title='bbox 102 3095 188 3160; x_wconf 89' lang='lat' dir='ltr'>altera</span> <span class='ocrx_word' id='word_1_235' title='bbox 210 3110 311 3162; x_wconf 88' lang='lat' dir='ltr'>autem</span> <span class='ocrx_word' id='word_1_236' title='bbox 338 3110 424 3183; x_wconf 90' lang='lat' dir='ltr'>parte</span> <span class='ocrx_word' id='word_1_237' title='bbox 452 3092 546 3182; x_wconf 81' lang='lat' dir='ltr'>ipsius</span> <span class='ocrx_word' id='word_1_238' title='bbox 575 3102 714 3164; x_wconf 89' lang='lat' dir='ltr'>domicilii</span> <span class='ocrx_word' id='word_1_239' title='bbox 744 3120 845 3162; x_wconf 88' lang='lat' dir='ltr'>caussa</span> <span class='ocrx_word' id='word_1_240' title='bbox 880 3101 961 3172; x_wconf 88' lang='lat' dir='ltr'>sive,</span> <span class='ocrx_word' id='word_1_241' title='bbox 990 3105 1024 3160; x_wconf 94' lang='lat' dir='ltr'>ut</span> <span class='ocrx_word' id='word_1_242' title='bbox 1053 3098 1161 3159; x_wconf 91' lang='lat' dir='ltr'>dicitur</span> <span class='ocrx_word' id='word_1_243' title='bbox 1188 3101 1220 3158; x_wconf 92' lang='lat' dir='ltr'>in</span> 
     </span>
     <span class='ocr_line' id='line_1_28' title="bbox 20 3199 1219 3283; baseline 0.002 -25"><span class='ocrx_word' id='word_1_244' title='bbox 20 3245 22 3252; x_wconf 85' lang='lat'>.</span> <span class='ocrx_word' id='word_1_245' title='bbox 101 3201 197 3263; x_wconf 88' lang='lat' dir='ltr'>codice</span> <span class='ocrx_word' id='word_1_246' title='bbox 212 3200 476 3283; x_wconf 74' lang='lat' dir='ltr'>Theodosiano⁶⁴)‚</span> <span class='ocrx_word' id='word_1_247' title='bbox 501 3204 572 3265; x_wconf 91' lang='lat' dir='ltr'>laris</span> <span class='ocrx_word' id='word_1_248' title='bbox 588 3204 783 3264; x_wconf 86' lang='lat' dir='ltr'>collocatione</span> <span class='ocrx_word' id='word_1_249' title='bbox 805 3201 919 3264; x_wconf 89' lang='lat' dir='ltr'>incolae</span> <span class='ocrx_word' id='word_1_250' title='bbox 943 3202 1084 3262; x_wconf 81' lang='lat' dir='ltr'>differunt</span> <span class='ocrx_word' id='word_1_251' title='bbox 1106 3199 1142 3261; x_wconf 93' lang='lat' dir='ltr'>ab</span> <span class='ocrx_word' id='word_1_252' title='bbox 1165 3199 1219 3260; x_wconf 93' lang='lat' dir='ltr'>ho·</span> 
     </span>
     <span class='ocr_line' id='line_1_29' title="bbox 20 3289 1218 3385; baseline 0.003 -26"><span class='ocrx_word' id='word_1_253' title='bbox 20 3327 22 3348; x_wconf 71' lang='lat' dir='ltr'>s</span> <span class='ocrx_word' id='word_1_254' title='bbox 102 3303 220 3380; x_wconf 84' lang='lat' dir='ltr'>spitibus</span> <span class='ocrx_word' id='word_1_255' title='bbox 244 3314 274 3367; x_wconf 91' lang='lat' dir='ltr'>et</span> <span class='ocrx_word' id='word_1_256' title='bbox 296 3289 568 3384; x_wconf 61' lang='lat' dir='ltr'>adventoribusffi),</span> <span class='ocrx_word' id='word_1_257' title='bbox 599 3309 651 3384; x_wconf 89' lang='lat' dir='ltr'>qui</span> <span class='ocrx_word' id='word_1_258' title='bbox 674 3313 703 3366; x_wconf 91' lang='lat' dir='ltr'>et</span> <span class='ocrx_word' id='word_1_259' title='bbox 724 3306 782 3385; x_wconf 89' lang='lat' dir='ltr'>ipsi</span> <span class='ocrx_word' id='word_1_260' title='bbox 804 3305 959 3384; x_wconf 83' lang='lat' dir='ltr'>peregrini</span> <span class='ocrx_word' id='word_1_261' title='bbox 981 3312 1050 3364; x_wconf 91' lang='lat' dir='ltr'>sunt</span> <span class='ocrx_word' id='word_1_262' title='bbox 1072 3305 1149 3364; x_wconf 89' lang='lat' dir='ltr'>sieut</span> <span class='ocrx_word' id='word_1_263' title='bbox 1173 3305 1218 3363; x_wconf 92' lang='lat' dir='ltr'>in·</span> 
     </span>
     <span class='ocr_line' id='line_1_30' title="bbox 20 3403 1038 3487; baseline 0.004 -25"><span class='ocrx_word' id='word_1_264' title='bbox 20 3473 22 3478; x_wconf 23' lang='lat'><strong>¹</strong></span> <span class='ocrx_word' id='word_1_265' title='bbox 101 3403 185 3478; x_wconf 87' lang='lat' dir='ltr'>colae,</span> <span class='ocrx_word' id='word_1_266' title='bbox 210 3417 241 3468; x_wconf 87' lang='lat' dir='ltr'>at</span> <span class='ocrx_word' id='word_1_267' title='bbox 262 3427 369 3469; x_wconf 89' lang='lat' dir='ltr'>rursus</span> <span class='ocrx_word' id='word_1_268' title='bbox 392 3407 562 3469; x_wconf 85' lang='lat' dir='ltr'>discessuri.</span> <span class='ocrx_word' id='word_1_269' title='bbox 572 3405 608 3487; x_wconf 80' lang='grc'>66)</span> <span class='ocrx_word' id='word_1_270' title='bbox 1036 3411 1038 3416; x_wconf 82' lang='grc'>’</span> 
     </span>
    </p>
   </div>
   <div class='ocr_carea' id='block_1_12' title="bbox 178 3506 1219 3589">
    <p class='ocr_par' dir='ltr' id='par_1_12' title="bbox 178 3506 1219 3589">
     <span class='ocr_line' id='line_1_31' title="bbox 178 3506 1219 3589; baseline -0.003 -20"><span class='ocrx_word' id='word_1_271' title='bbox 178 3509 241 3570; x_wconf 89' lang='lat' dir='ltr'>lam</span> <span class='ocrx_word' id='word_1_272' title='bbox 264 3529 336 3571; x_wconf 88' lang='lat' dir='ltr'>vero</span> <span class='ocrx_word' id='word_1_273' title='bbox 359 3511 512 3589; x_wconf 88' lang='lat' dir='ltr'>quaeritur</span> <span class='ocrx_word' id='word_1_274' title='bbox 533 3513 680 3589; x_wconf 90' lang='lat' dir='ltr'>primum,</span> <span class='ocrx_word' id='word_1_275' title='bbox 711 3526 787 3587; x_wconf 87' lang='lat' dir='ltr'>quae</span> <span class='ocrx_word' id='word_1_276' title='bbox 814 3510 845 3568; x_wconf 93' lang='lat' dir='ltr'>in</span> <span class='ocrx_word' id='word_1_277' title='bbox 873 3524 992 3588; x_wconf 88' lang='lat' dir='ltr'>quoque</span> <span class='ocrx_word' id='word_1_278' title='bbox 1022 3506 1130 3586; x_wconf 92' lang='lat' dir='ltr'>oppido</span> <span class='ocrx_word' id='word_1_279' title='bbox 1153 3525 1219 3567; x_wconf 94' lang='lat' dir='ltr'>mu·</span> 
     </span>
    </p>
   </div>
   <div class='ocr_carea' id='block_1_13' title="bbox 20 3607 1220 3999">
    <p class='ocr_par' dir='ltr' id='par_1_13' title="bbox 20 3607 1220 3999">
     <span class='ocr_line' id='line_1_32' title="bbox 20 3607 1217 3692; baseline 0.001 -25"><span class='ocrx_word' id='word_1_280' title='bbox 20 3621 22 3692; x_wconf 67' lang='lat' dir='ltr'>j</span> <span class='ocrx_word' id='word_1_281' title='bbox 99 3609 214 3689; x_wconf 88' lang='lat' dir='ltr'>nicipiis</span> <span class='ocrx_word' id='word_1_282' title='bbox 238 3611 405 3690; x_wconf 90' lang='lat' dir='ltr'>incolisque</span> <span class='ocrx_word' id='word_1_283' title='bbox 427 3612 540 3673; x_wconf 85' lang='lat' dir='ltr'>luerint</span> <span class='ocrx_word' id='word_1_284' title='bbox 567 3613 750 3680; x_wconf 90' lang='lat' dir='ltr'>communia,</span> <span class='ocrx_word' id='word_1_285' title='bbox 782 3610 890 3670; x_wconf 89' lang='lat' dir='ltr'>deinde</span> <span class='ocrx_word' id='word_1_286' title='bbox 919 3609 1026 3687; x_wconf 89' lang='lat' dir='ltr'>quibus</span> <span class='ocrx_word' id='word_1_287' title='bbox 1054 3607 1145 3669; x_wconf 88' lang='lat' dir='ltr'>rebus</span> <span class='ocrx_word' id='word_1_288' title='bbox 1174 3609 1217 3668; x_wconf 91' lang='lat' dir='ltr'>di·</span> 
     </span>
     <span class='ocr_line' id='line_1_33' title="bbox 20 3710 1220 3791; baseline 0 -21"><span class='ocrx_word' id='word_1_289' title='bbox 20 3717 22 3720; x_wconf 82' lang='grc'><strong>’</strong></span> <span class='ocrx_word' id='word_1_290' title='bbox 100 3726 181 3773; x_wconf 84' lang='lat' dir='ltr'>verso</span> <span class='ocrx_word' id='word_1_291' title='bbox 204 3715 285 3774; x_wconf 88' lang='lat' dir='ltr'>inter</span> <span class='ocrx_word' id='word_1_292' title='bbox 310 3731 342 3774; x_wconf 90' lang='lat' dir='ltr'>se</span> <span class='ocrx_word' id='word_1_293' title='bbox 363 3715 429 3773; x_wconf 91' lang='lat' dir='ltr'>iure</span> <span class='ocrx_word' id='word_1_294' title='bbox 453 3715 513 3774; x_wconf 86' lang='lat' dir='ltr'>sint</span> <span class='ocrx_word' id='word_1_295' title='bbox 534 3715 590 3774; x_wconf 89' lang='lat' dir='ltr'>usi.</span> <span class='ocrx_word' id='word_1_296' title='bbox 629 3713 667 3773; x_wconf 89' lang='lat' dir='ltr'>Et</span> <span class='ocrx_word' id='word_1_297' title='bbox 688 3715 818 3791; x_wconf 90' lang='lat' dir='ltr'>primum</span> <span class='ocrx_word' id='word_1_298' title='bbox 841 3711 961 3791; x_wconf 88' lang='lat' dir='ltr'>quidem</span> <span class='ocrx_word' id='word_1_299' title='bbox 984 3710 1118 3770; x_wconf 92' lang='lat' dir='ltr'>videmus</span> <span class='ocrx_word' id='word_1_300' title='bbox 1135 3728 1220 3771; x_wconf 88' lang='lat' dir='ltr'>sacra</span> 
     </span>
     <span class='ocr_line' id='line_1_34' title="bbox 20 3811 1218 3894; baseline 0 -24"><span class='ocrx_word' id='word_1_301' title='bbox 20 3833 21 3878; x_wconf 83' lang='lat' dir='ltr'>j</span> <span class='ocrx_word' id='word_1_302' title='bbox 99 3815 286 3894; x_wconf 89' lang='lat' dir='ltr'>municipalia</span> <span class='ocrx_word' id='word_1_303' title='bbox 301 3816 421 3894; x_wconf 89' lang='lat' dir='ltr'>utrique</span> <span class='ocrx_word' id='word_1_304' title='bbox 436 3817 540 3892; x_wconf 81' lang='lat' dir='ltr'>generi</span> <span class='ocrx_word' id='word_1_305' title='bbox 552 3815 644 3875; x_wconf 86' lang='lat' dir='ltr'>luisse</span> <span class='ocrx_word' id='word_1_306' title='bbox 661 3816 844 3874; x_wconf 87' lang='lat' dir='ltr'>eommunia:</span> <span class='ocrx_word' id='word_1_307' title='bbox 861 3815 961 3890; x_wconf 90' lang='lat' dir='ltr'>itaque</span> <span class='ocrx_word' id='word_1_308' title='bbox 978 3811 1075 3872; x_wconf 90' lang='lat' dir='ltr'>coloni</span> <span class='ocrx_word' id='word_1_309' title='bbox 1089 3811 1218 3877; x_wconf 83' lang='lat' dir='ltr'>incolae·</span> 
     </span>
     <span class='ocr_line' id='line_1_35' title="bbox 20 3911 1219 3999; baseline -0.003 -26"><span class='ocrx_word' id='word_1_310' title='bbox 20 3931 22 3998; x_wconf 71' lang='lat' dir='ltr'>j</span> <span class='ocrx_word' id='word_1_311' title='bbox 99 3927 152 3989; x_wconf 77' lang='lat' dir='ltr'>qaue</span> <span class='ocrx_word' id='word_1_312' title='bbox 167 3916 380 3999; x_wconf 86' lang='lat' dir='ltr'>Narbonenses</span> <span class='ocrx_word' id='word_1_313' title='bbox 395 3934 478 3977; x_wconf 89' lang='lat' dir='ltr'>aram</span> <span class='ocrx_word' id='word_1_314' title='bbox 493 3918 626 3994; x_wconf 84' lang='lat' dir='ltr'>Augusto</span> <span class='ocrx_word' id='word_1_315' title='bbox 641 3916 779 3976; x_wconf 88' lang='lat' dir='ltr'>dedicant</span> <span class='ocrx_word' id='word_1_316' title='bbox 795 3923 824 3975; x_wconf 92' lang='lat' dir='ltr'>et</span> <span class='ocrx_word' id='word_1_317' title='bbox 836 3916 950 3975; x_wconf 92' lang='lat' dir='ltr'>numini</span> <span class='ocrx_word' id='word_1_318' title='bbox 967 3917 1030 3974; x_wconf 91' lang='lat' dir='ltr'>eius</span> <span class='ocrx_word' id='word_1_319' title='bbox 1046 3911 1170 3974; x_wconf 90' lang='lat' dir='ltr'>colendo</span> <span class='ocrx_word' id='word_1_320' title='bbox 1186 3930 1219 3970; x_wconf 90' lang='lat' dir='ltr'>se</span> 
     </span>
    </p>
   </div>
   <div class='ocr_carea' id='block_1_14' title="bbox 100 4084 402 4098">
    <p class='ocr_par' dir='ltr' id='par_1_14' title="bbox 100 4084 402 4098">
     <span class='ocr_line' id='line_1_36' title="bbox 100 4084 402 4098; baseline -0.003 -1"><span class='ocrx_word' id='word_1_321' title='bbox 100 4084 402 4098; x_wconf 36' lang='lat' dir='ltr'>Q——m——ae—</span> 
     </span>
    </p>
   </div>
   <div class='ocr_carea' id='block_1_15' title="bbox 159 4187 877 4509">
    <p class='ocr_par' dir='ltr' id='par_1_15' title="bbox 161 4187 877 4340">
     <span class='ocr_line' id='line_1_37' title="bbox 161 4187 877 4256; baseline 0.001 -16"><span class='ocrx_word' id='word_1_322' title='bbox 161 4187 207 4256; x_wconf 83' lang='grc'>63)</span> <span class='ocrx_word' id='word_1_323' title='bbox 228 4189 287 4242; x_wconf 84' lang='lat' dir='ltr'>Cfr.</span> <span class='ocrx_word' id='word_1_324' title='bbox 305 4193 451 4254; x_wconf 82' lang='lat' dir='ltr'>praeterea</span> <span class='ocrx_word' id='word_1_325' title='bbox 469 4187 688 4241; x_wconf 77' lang='lat' dir='ltr'>Orelli-Hannon</span> <span class='ocrx_word' id='word_1_326' title='bbox 706 4189 782 4241; x_wconf 87' lang='grc'><strong>3189.</strong></span> <span class='ocrx_word' id='word_1_327' title='bbox 802 4187 877 4241; x_wconf 75' lang='grc'>6426.</span> 
     </span>
     <span class='ocr_line' id='line_1_38' title="bbox 161 4271 585 4340; baseline 0.007 -16"><span class='ocrx_word' id='word_1_328' title='bbox 161 4273 212 4340; x_wconf 80' lang='grc'>64)</span> <span class='ocrx_word' id='word_1_329' title='bbox 228 4273 296 4324; x_wconf 87' lang='lat' dir='ltr'>Cod.</span> <span class='ocrx_word' id='word_1_330' title='bbox 315 4271 420 4324; x_wconf 84' lang='lat' dir='ltr'>Theod.</span> <span class='ocrx_word' id='word_1_331' title='bbox 440 4276 481 4338; x_wconf 81' lang='lat'>12,</span> <span class='ocrx_word' id='word_1_332' title='bbox 503 4277 525 4334; x_wconf 89' lang='lat'>1,</span> <span class='ocrx_word' id='word_1_333' title='bbox 544 4277 585 4328; x_wconf 78' lang='lat'>52.</span> 
     </span>
    </p>

    <p class='ocr_par' dir='ltr' id='par_1_16' title="bbox 159 4357 691 4423">
     <span class='ocr_line' id='line_1_39' title="bbox 159 4357 691 4423; baseline 0.008 -17"><span class='ocrx_word' id='word_1_334' title='bbox 159 4358 205 4423; x_wconf 80' lang='grc'>65)</span> <span class='ocrx_word' id='word_1_335' title='bbox 226 4357 408 4412; x_wconf 84' lang='lat' dir='ltr'>Or.·Henzen</span> <span class='ocrx_word' id='word_1_336' title='bbox 426 4359 502 4409; x_wconf 75' lang='lat'>2287.</span> <span class='ocrx_word' id='word_1_337' title='bbox 521 4361 595 4410; x_wconf 79' lang='lat'>6962.</span> <span class='ocrx_word' id='word_1_338' title='bbox 616 4361 691 4411; x_wconf 77' lang='lat'>3326.</span> 
     </span>
    </p>

    <p class='ocr_par' dir='ltr' id='par_1_17' title="bbox 161 4441 643 4509">
     <span class='ocr_line' id='line_1_40' title="bbox 161 4441 643 4509; baseline 0.002 -17"><span class='ocrx_word' id='word_1_339' title='bbox 161 4441 207 4509; x_wconf 88' lang='grc'>66)</span> <span class='ocrx_word' id='word_1_340' title='bbox 227 4443 288 4492; x_wconf 89' lang='lat' dir='ltr'>Lex</span> <span class='ocrx_word' id='word_1_341' title='bbox 307 4445 322 4493; x_wconf 77' lang='grc'>7</span> <span class='ocrx_word' id='word_1_342' title='bbox 341 4443 400 4494; x_wconf 86' lang='lat' dir='ltr'>cod.</span> <span class='ocrx_word' id='word_1_343' title='bbox 418 4444 488 4494; x_wconf 85' lang='lat' dir='ltr'>Iust.</span> <span class='ocrx_word' id='word_1_344' title='bbox 508 4444 541 4492; x_wconf 88' lang='lat' dir='ltr'>de</span> <span class='ocrx_word' id='word_1_345' title='bbox 560 4443 643 4494; x_wconf 87' lang='lat' dir='ltr'>ineol.</span> 
     </span>
    </p>
   </div>
   <div class='ocr_carea' id='block_1_16' title="bbox 143 4556 512 4612">
    <p class='ocr_par' dir='ltr' id='par_1_18' title="bbox 143 4556 512 4612">
     <span class='ocr_line' id='line_1_41' title="bbox 143 4556 512 4612; baseline 0.008 -13"><span class='ocrx_word' id='word_1_346' title='bbox 143 4556 212 4600; x_wconf 81' lang='lat' dir='ltr'>llerz</span> <span class='ocrx_word' id='word_1_347' title='bbox 221 4569 268 4612; x_wconf 69' lang='lat' dir='ltr'>og,</span> <span class='ocrx_word' id='word_1_348' title='bbox 285 4557 368 4600; x_wconf 73' lang='lat' dir='ltr'>Gallice</span> <span class='ocrx_word' id='word_1_349' title='bbox 381 4559 448 4601; x_wconf 76' lang='lat' dir='ltr'>Nerb.</span> <span class='ocrx_word' id='word_1_350' title='bbox 461 4559 512 4602; x_wconf 86' lang='lat' dir='ltr'>hist.</span> 
     </span>
    </p>
   </div>
   <div class='ocr_carea' id='block_1_17' title="bbox 0 0 1578 5160">
    <p class='ocr_par' dir='ltr' id='par_1_19' title="bbox 0 0 1578 5160">
     <span class='ocr_line' id='line_1_42' title="bbox 0 0 1578 5160; baseline 0 5"><span class='ocrx_word' id='word_1_351' title='bbox 0 0 1578 5160; x_wconf 95' lang='lat' dir='ltr'> </span> 
     </span>
    </p>
   </div>
  </div>
 </body>
</html>
