3148 5160
519 469 603 527 rins
625 469 655 528 ll.
700 470 807 529 GAPVT
828 473 870 530 lll.
978 477 983 488 ’
1191 477 1250 542 251

136 641 260 714 possent
286 655 302 696 a
325 635 503 697 felicissimis
531 643 561 696 et
588 637 778 700 fertilissimis
807 642 912 706 terrisz
946 642 1017 718 quin
1045 644 1133 703 etiam
1161 663 1253 706 onera
1346 691 1351 702 .

136 737 199 808 illa,
225 739 264 807 si,
293 746 326 798 ut
348 737 479 816 legitime
507 737 668 810 debebant,
698 746 728 801 et
756 743 906 821 sapienter
932 742 1139 806 dividebantur
1167 753 1197 805 ct
1222 747 1253 806 in

138 839 344 918 computandis
382 841 565 902 tributorum
605 841 741 920 partibus
779 840 1081 923 respiciebantur³⁵l,
1120 848 1253 925 quamvis

138 943 225 1002 noxia
252 942 344 1002 fuerit
371 962 404 1004 ea
433 945 524 1012 ratio,
552 945 599 1004 vix
628 951 726 1005 tamen
754 946 872 1022 penitus
900 946 1117 1007 destruxissent
1145 954 1253 1008 statum

139 1045 383 1123 municipiorum:
408 1043 470 1106 sola
490 1048 631 1124 perversa
654 1046 791 1124 exigendi
812 1048 887 1108 ratio
915 1046 1131 1108 intolerabilem
1154 1048 1253 1110 reddi-

139 1144 181 1204 dit
204 1151 313 1207 statum
337 1152 367 1205 et
388 1146 564 1208 industriam
587 1153 617 1208 et
639 1146 771 1208 laborem
801 1167 836 1208 ac
854 1151 899 1208 rei
919 1147 1073 1210 familiaris
1101 1151 1253 1228 augendae

138 1265 240 1309 curam
263 1266 299 1308 ex
322 1247 427 1309 iisdem
450 1248 611 1326 generibus
633 1249 787 1311 bominum
810 1249 944 1319 sustulit,
972 1267 1049 1328 quae
1076 1252 1107 1312 in
1133 1253 1253 1331 provin-

138 1351 190 1410 ciis
212 1368 319 1416 recens
341 1349 484 1411 subiectis
507 1351 543 1411 ad
566 1349 743 1412 industriam
766 1357 795 1412 et
816 1350 951 1413 laborem
973 1358 1093 1414 evocata
1116 1360 1146 1414 et
1168 1352 1255 1416 solidi

138 1453 228 1512 totius
255 1453 374 1531 imperii
406 1452 593 1513 fundamenti
624 1453 720 1513 instar
752 1460 851 1514 creata
883 1455 969 1533 qnasi
1002 1465 1088 1516 erant
1119 1457 1254 1534 priorum

139 1554 299 1616 Caesarum
320 1555 464 1615 institutis
486 1554 722 1634 municipalibus.
754 1554 826 1615 Inde
848 1555 957 1617 factum
981 1565 1039 1626 est,
1062 1559 1176 1618 utiam
1199 1557 1255 1619 sub

138 1658 250 1737 optimo
283 1657 419 1735 principe
453 1656 581 1717 Traiano
614 1643 821 1734 languesceret
854 1657 1007 1719 bominum
1039 1657 1119 1720 illins
1151 1662 1256 1722 aetatis

138 1760 235 1836 vigor,
267 1765 479 1818 evanescerent
505 1758 643 1838 publicae
665 1760 741 1819 vitae
770 1765 800 1818 et
826 1759 1013 1839 municipalis
1040 1760 1163 1821 honoris
1189 1760 1253 1822 ille·

138 1860 261 1930 cebrae,
287 1859 395 1936 quibus
417 1860 563 1938 perditam
587 1861 772 1928 libertatem,
795 1859 943 1938 perditam
970 1869 1101 1922 veterem
1128 1864 1254 1942 patriam

6 1951 7 1954 ¹
65 1993 67 1998 ·
138 1979 334 2042 compensare
363 1960 540 2023 studuerant
566 1961 798 2041 provincialibus
826 1963 935 2022 Caesar
971 1964 1192 2041 artogastus,
1222 1970 1256 2024 ut

137 2066 195 2124 iam
218 2071 283 2124 tum
313 2063 471 2124 manifesto
499 2063 627 2125 declives
656 2070 755 2125 essent
782 2064 901 2142 imperii
922 2063 1047 2124 Romani
1074 2066 1253 2144 provinciae.

136 2167 292 2228 Putaveris
314 2167 442 2226 fortasse
463 2167 632 2245 provincias
654 2164 757 2244 populi
779 2165 904 2225 Romani
932 2166 993 2226 sive
1015 2171 1151 2235 senatus,
1181 2184 1255 2244 quo·

137 2269 216 2330 niam
239 2269 371 2329 inermes
400 2275 486 2328 erant
513 2256 611 2347 neque
639 2267 787 2328 exercitus
815 2266 1016 2336 sustinebant,
1046 2269 1145 2327 minus
1172 2267 1256 2344 gravi

136 2389 231 2431 onere
254 2388 321 2431 esse
343 2377 496 2434 oneratos:
521 2376 551 2430 at
571 2370 713 2430 leviorem
735 2370 828 2430 fuisse
849 2367 1134 2430 administrationem
1150 2369 1256 2430 Caesa·

136 2473 177 2533 ris
200 2478 232 2533 et
253 2471 372 2532 disertis
395 2472 538 2532 docemur
562 2471 706 2551 exemplis
733 2471 952 2551 provinciarum
973 2470 1100 2533 Achaiae
1121 2470 1256 2531 Macedo·

135 2575 265 2652 niaeqne
289 2581 319 2634 et
339 2569 553 2654 Bithyniaeiil,
579 2580 609 2633 et
631 2592 667 2634 ex
689 2574 754 2652 ipsa
776 2574 821 2634 rei
843 2579 949 2634 natura
965 2580 1102 2652 apparet:
1126 2561 1258 2652 primum

136 2677 218 2736 enim
255 2693 424 2736 annuorum
456 2676 683 2753 magistratuum
716 2676 874 2754 imperinm
908 2675 1026 2753 gravius
1058 2677 1161 2753 utiquc
1194 2681 1258 2734 erat

136 2795 225 2856 quam
250 2775 417 2854 legatorum
439 2779 578 2855 Augusti,
602 2779 654 2853 qui
676 2794 729 2855 per
751 2777 853 2855 plures
875 2795 968 2838 annos
983 2777 1149 2854 provincias
1171 2793 1257 2853 rege·

135 2880 223 2950 bant,
249 2877 357 2939 deinde
379 2879 404 2939 si
427 2895 484 2956 qua
506 2880 657 2958 provincia
680 2879 802 2938 inermis
825 2879 861 2938 ab
884 2895 1000 2938 annona
1023 2877 1167 2936 exercitui
1187 2893 1256 2954 per·

135 2990 228 3060 petuo
264 2979 443 3058 praestanda
475 2980 569 3042 libera
598 2986 674 3048 erat,
708 2978 786 3041 baud
815 2978 904 3039 dubie
934 2979 1045 3040 maiore
1078 2976 1258 3038 onerabatur

135 3081 250 3144 tributo
275 3080 343 3152 soli,
369 3081 497 3159 denique
518 3083 583 3161 ipse
604 3081 655 3142 ille
677 3080 787 3161 duplex
802 3081 969 3158 quaestoris
985 3085 1014 3140 et
1028 3084 1258 3157 procuratorum

135 3187 331 3263 magistratus
345 3185 377 3244 in
392 3184 551 3262 provinciis
568 3185 725 3245 senatoriis
740 3201 831 3244 onera
849 3181 985 3260 augebat.
1030 3179 1143 3241 Revera
1159 3185 1258 3240 autem

135 3287 334 3348 mutationem
356 3283 437 3347 illam
461 3291 555 3347 status
577 3286 808 3364 municipiorum
830 3290 926 3344 totum
941 3283 1083 3345 invasisse
1098 3282 1259 3361 imperium

136 3388 275 3449 videmus
304 3405 340 3446 ex
368 3388 404 3447 iis
433 3403 509 3464 quae
538 3389 595 3447 iam
619 3395 802 3464 sequuntur,
833 3404 868 3447 ex
891 3387 1006 3446 ratione
1035 3383 1147 3446 scilicet
1170 3401 1259 3444 curae

136 3489 338 3570 oppidorum,
367 3506 444 3568 quae
474 3495 556 3549 certo
583 3489 717 3549 instituto
746 3505 917 3567 expressam
946 3492 1152 3566 repraesentat
1178 3484 1258 3546 illam

202 3658 253 3725 35)
278 3659 340 3709 Hoc
357 3658 551 3709 intercessisse
569 3657 680 3723 probari
697 3657 763 3707 mihi
782 3657 892 3708 videtur
908 3656 971 3708 loco
988 3655 1126 3706 Ammiani
1142 3654 1259 3705 Marcel*

43 3729 47 3744 Κ
133 3744 186 3795 1ίηὶ
205 3746 248 3804 16,
264 3744 293 3794 5:
314 3742 459 3806 (Iulianus)
476 3744 593 3807 primitas
608 3748 700 3806 partes
717 3758 762 3792 eas
780 3741 831 3806 (sc.
852 3740 983 3804 Galliam)
1003 3743 1131 3807 inpressas
1146 3756 1198 3804 pro
1216 3755 1260 3788 aa·

132 3829 231 3894 pilitus
249 3830 364 3892 singulis,
383 3827 472 3878 tributi
488 3830 585 3879 nomine
602 3828 702 3878 uicenos
714 3828 802 3892 qainon
819 3841 911 3877 aureos
922 3829 1022 3890 reperit
1030 3823 1159 3890 flagitari:
1178 3824 1259 3874 dism-

134 3917 199 3966 dens
217 3927 283 3965 nero
296 3918 416 3978 septenes
434 3918 541 3975 tantam,
560 3927 688 3962 manera
705 3913 857 3962 uniuersa
874 3913 1077 3974 complentes.

204 3997 252 4060 36)
278 3997 346 4049 Tac.
366 3997 458 4049 ennel.
478 4000 506 4059 1,
526 3998 571 4047 76:
596 3997 722 4046 Achaiam
742 4012 774 4045 aa
796 3997 975 4047 Macedoniam
993 4008 1074 4046 onera
1090 3995 1260 4056 deprecantes

134 4085 218 4136 levari
234 4084 264 4132 in
279 4097 408 4146 praesens
417 4084 598 4147 proconsulari
613 4082 719 4147 imperio
738 4082 855 4146 tradique
875 4080 982 4132 Caesari
995 4079 1101 4144 placuit.
1137 4074 1260 4124 Eandem

136 4183 271 4220 caussam
290 4171 401 4216 constat
418 4167 504 4217 fuisse
523 4171 654 4234 receptes
673 4182 689 4217 e
707 4165 829 4216 Traiano
850 4168 881 4215 in
898 4180 975 4215 sunm
994 4159 1260 4213 administrationem

134 4253 304 4319 provinciae
318 4251 481 4316 Bithyniee3
502 4252 535 4302 de
554 4249 715 4317 oppidorum
727 4249 875 4312 Bithyniae
894 4249 944 4300 sub
957 4243 1165 4314 proconsulibus
1184 4248 1261 4294 statu

135 4341 186 4390 cfr.
206 4338 285 4390 Plin.
305 4337 385 4401 epist.
406 4339 446 4400 10,
465 4339 510 4388 20:
529 4338 643 4387 rationes
660 4337 775 4401 inprimis
793 4335 839 4385 ttbi
855 4349 939 4384 rernm
953 4331 1110 4397 publicarem
1127 4330 1261 4380 excutien-

135 4428 184 4475 dae
202 4431 280 4483 sant3
300 4438 357 4471 nam
375 4436 430 4471 esse
449 4437 493 4472 eas
510 4428 617 4472 vexatas
635 4425 699 4471 satis
716 4427 824 4472 constat.
