3148 5160
328 487 389 550 170
707 479 790 538 PARS
812 481 842 543 11,
888 479 995 538 GAPV'P
1016 479 1045 536 ll.

326 647 408 729 262),
434 668 468 709 44
498 648 606 725 quibus
633 653 773 727 quattuor
800 649 889 726 primi
915 648 1047 708 incertae
1074 647 1178 708 aetatis
1207 653 1290 716 sunt,
1321 649 1444 724 quirrtus

325 771 392 812 cnm
416 761 534 830 praeter
557 751 649 810 civem
672 749 838 810 Romanum
861 749 890 811 G.
917 749 1068 810 Octavium
1097 748 1150 810 Gn.
1178 750 1198 808 f.
1220 748 1346 809 Voltinia
1371 749 1442 808 Cer·

324 861 387 914 tum
411 861 512 933 aperte
541 854 634 913 civem
657 851 792 914 Latinum
820 850 931 912 indicet
960 851 1010 912 Cn.
1036 851 1188 911 Octavium
1216 851 1266 912 Cn.
1292 851 1311 910 1.
1337 850 1441 911 Caiau·

325 975 407 1024 cum,
437 955 473 1015 ad
501 955 535 1014 id·
561 961 679 1033 tempus
701 960 747 1014 est
768 952 958 1021 reserandus,
988 969 1047 1029 quo
1074 953 1205 1013 nondum
1232 951 1349 1029 vulgata
1380 956 1443 1011 erat

325 1058 427 1118 civitas
449 1057 597 1124 Romana;
622 1057 771 1118 dvenione
793 1049 884 1116 unum
910 1055 947 1134 (n.
974 1053 1061 1133 4415);
1089 1056 1120 1114 14
1143 1056 1292 1115 vocontiis
1315 1054 1442 1114 Vasione

325 1177 417 1221 unum
441 1157 537 1242 (437),
562 1157 639 1218 Deae
662 1177 754 1218 unum
778 1159 874 1238 (464),
904 1163 1059 1236 praeterea
1083 1175 1174 1216 unum
1197 1157 1374 1217 Vocontium
1397 1156 1442 1215 in-

325 1259 420 1321 colam
442 1261 673 1321 Nemausensem
698 1257 797 1342 (178),
826 1261 917 1337 Aptae
945 1277 1048 1320 unum·
1063 1257 1159 1340 (428),
1189 1260 1342 1340 Aquenses
1365 1257 1441 1318 duos

326 1368 406 1446 (375.
433 1364 518 1441 175);
549 1361 585 1422 dc
613 1361 736 1440 reliquis
764 1361 880 1441 oppidis
911 1360 1019 1420 desunt
1042 1361 1217 1421 testimonia.
1262 1359 1347 1422 Unde
1371 1379 1441 1421 con·

232 1473 233 1478 ’
324 1463 484 1533 cludimus,
515 1465 634 1524 nonnisi
657 1482 747 1524 unum
772 1462 913 1542 oppidum
937 1462 1088 1531 Latinum,
1112 1461 1307 1531 Nemausum,
1337 1463 1442 1540 quiet

324 1583 429 1644 agrum
451 1564 579 1625 habebat
600 1564 743 1626 latissime
765 1571 916 1644 patentem
946 1571 975 1624 et
1005 1565 1168 1626 secundum
1193 1566 1335 1624 Viennam
1362 1565 1443 1636 inter

324 1669 422 1729 omnia
438 1667 548 1728 Gallica
570 1665 677 1746 oppida
699 1668 932 1744 insignissimum
955 1666 1107 1727 obtinebat
1127 1667 1237 1736 locum,
1262 1671 1330 1727 ante
1354 1665 1442 1726 Cara·

324 1769 427 1830 callam
452 1770 568 1829 civitate
592 1787 656 1830 esse
679 1767 830 1830 donatum.
875 1769 936 1829 lam
964 1787 1035 1829 vero
1058 1767 1145 1829 Plinii
1168 1771 1228 1830 sive
1250 1769 1442 1846 imperatoris

322 1870 494 1950 Vespasiani
516 1876 611 1931 aetate
633 1871 850 1934 Nemausenses
877 1879 960 1932 erant
981 1871 1086 1941 Latini,
1111 1872 1251 1948 quoniam
1272 1872 1349 1930 sicut
1370 1888 1441 1948 pro-

322 1972 372 2032 bat
394 1973 601 2033 Avanticorum
631 1978 659 2032 et
681 1971 924 2034 Bodionticorum
954 1973 1123 2053 exemplum
1154 1980 1182 2032 et
1210 1971 1364 2032 latinitatis
1390 1971 1441 2030 Hi-

323 2076 459 2154 spanicae
484 2076 534 2153 (3,
559 2081 578 2140 4
602 2071 693 2152 extr.)
718 2076 973 2144 commemoratio,
1003 2077 1028 2136 si
1050 2077 1128 2135 inter
1149 2072 1310 2152 Agrippam
1333 2079 1364 2132 et
1384 2071 1441 2132 Ve-

237 2197 244 2210 ·
323 2177 492 2256 spasianum
516 2177 594 2237 cives
616 2176 741 2238 Romani
764 2177 834 2238 14441
856 2182 972 2246 essent,
1000 2175 1114 2238 Plinius
1135 2176 1165 2236 id
1187 2182 1333 2242 notasset;
1363 2177 1442 2235 inter

322 2278 402 2338 hunc
426 2295 494 2338 vero
522 2281 685 2339 terminum
714 2286 743 2339 44
770 2277 948 2339 Caracallam
977 2280 1001 2339 si
1030 2277 1099 2339 licet
1126 2280 1279 2346 conicere,
1309 2295 1442 2337 commo·

323 2379 443 2440 dissime
466 2380 611 2440 eiusmodi
642 2398 711 2459 erga
733 2379 928 2461 provinciales
957 2379 1163 2441 liberalitatem
1195 2380 1362 2440 tribuamus
1383 2379 1441 2440 Ha·

323 2481 442 2550 driaco,
474 2498 562 2557 quem
585 2488 715 2553 constat,
746 2501 812 2542 cum
841 2483 945 2543 orbem
963 2483 1130 2545 Romanum
1156 2488 1331 2562 peragraret
1360 2487 1390 2541 44
1411 2483 1442 2541 14

324 2581 445 2644 GaMiam
475 2584 671 2661 pervenisset,
706 2584 847 2645 Nemausi
874 2593 1040 2646 morantem
1056 2563 1101 2646 'in
1128 2584 1262 2647 Plotinae
1295 2583 1441 2644 horrorem

323 2683 508 2763 splendidam
525 2686 690 2750 extruxisse
705 2686 870 2755 basilicam3
888 2689 945 2747 nisi
960 2688 1036 2748 lorte
1049 2687 1306 2756 AntoninusPius,
1323 2688 1372 2746 cui
1389 2703 1441 2764 gc·

322 2804 378 2846 nus
393 2793 552 2866 paternum
568 2787 769 2849 Nemausense
785 2797 864 2858 erat,
881 2791 995 2868 patriae
1010 2807 1081 2850 suae
1097 2788 1153 2849 boc
1168 2785 1257 2849 modo
1279 2788 1439 2850 consuluit.

407 2887 573 2950 Caracallae
596 2897 696 2950 autern
725 2891 936 2952 constitutione
964 2898 1121 2969 postquam
1150 2907 1210 2951 non
1238 2889 1335 2951 solum
1364 2909 1442 2967 quae

323 2997 386 3050 tum
409 3007 529 3070 quoque
552 2991 691 3051 extabant
713 2991 821 3071 oppida
843 2992 961 3062 Latina,
992 2993 1043 3053 sed
1074 2994 1161 3062 etiam
1183 2991 1382 3054 Massilienses
1405 2992 1442 3053 ad

323 3093 471 3152 civitatem
495 3101 710 3170 pervenerunt,
742 3095 896 3170 quaeritur
918 3112 990 3154 num
1013 3095 1195 3155 Graecorum
1218 3093 1312 3156 libera
1334 3111 1441 3172 respu-

323 3191 399 3252 blica
429 3199 458 3252 et
485 3192 653 3253 libertatern
682 3200 712 3254 et
739 3195 850 3255 Graeca
879 3197 1012 3257 instituta
1039 3197 1206 3257 retinuerit.
1253 3197 1290 3256 Et
1317 3197 1348 3254 in
1376 3195 1443 3256 aliis

324 3293 443 3372 quidem
466 3295 626 3372 provinciis
654 3289 740 3356 etiam
769 3303 836 3376 post
859 3296 1038 3358 Caracallam
1069 3299 1202 3358 extitisse
1230 3298 1364 3357 civitates
1386 3307 1444 3356 no·'

323 3395 403 3456 mine
427 3393 529 3454 saltem
553 3395 676 3465 liberas,
709 3417 743 3458 ex
773 3399 903 3459 nummis
931 3398 967 3460 ab
991 3399 1136 3459 eiusmodi
1158 3397 1378 3478 rebuspublicis
1401 3401 1440 3457 si·

323 3497 419 3574 gnatis
447 3493 627 3574 apparetlll,
657 3497 694 3557 de
722 3499 867 3560 Massiliae
895 3507 994 3561 autem
1022 3506 1099 3561 statu
1129 3517 1226 3576 neque
1252 3502 1368 3561 nummi
1396 3508 1441 3560 te-

324 3604 438 3658 stantur
459 3615 557 3678 neque
579 3598 658 3660 illius
681 3602 784 3662 aetatis
813 3602 973 3680 scriptores
1003 3602 1161 3678 quidquam
1185 3603 1334 3669 raserunt:
1365 3618 1443 3678 qnae

273 3719 275 3723 ’
323 3718 394 3760 vero
418 3700 589 3761 duumviros
605 3701 803 3763 Massilienses
826 3712 1039 3764 commemorat
1060 3705 1214 3783 inscriptio
1238 3713 1339 3764 nostra
1362 3703 1441 3782 (app.

323 3822 351 3862 n.
377 3800 466 3881 611),
492 3821 525 3863 ea
548 3801 626 3863 haud
649 3803 737 3864 dubie
761 3804 837 3865 male
860 3804 1009 3884 descripta
1032 3813 1128 3866 estet
1151 3812 1232 3866 caret
1254 3807 1440 3864 auctoritate.

220 3955 222 3958 ,
256 3893 258 3898 ’
323 3902 409 3976 Quod
432 3910 531 3965 autern
554 3905 609 3964 sub
632 3905 669 3964 M.
694 3898 813 3966 Aurelio
844 3914 873 3966 et
895 3906 925 3965 L.
953 3907 1029 3966 Vero
1052 3907 1191 3984 Augustis
1214 3907 1263 3966 Cn.
1290 3905 1444 3967 Valerium
1553 3921 1558 3927 ·

323 4006 375 4066 Cn.
399 4006 418 4065 l.
445 4005 567 4076 Quirina
590 3990 801 4085 Pompeianum
826 4007 871 4088 (n.
896 4005 973 4083 613)
1002 4006 1147 4068 Massiliae
1174 4008 1309 4067 videmus
1327 4007 1444 4087 appel-

322 4107 377 4166 lari
400 4123 543 4184 augurem
572 4114 766 4187 perpetuum,
797 4110 861 4169 deri
888 4116 1002 4188 potest,
1031 4118 1063 4175 ut
1091 4126 1215 4186 magnus
1237 4110 1446 4203 Romanorum

322 4227 475 4277 numerus,
499 4210 550 4288 qni
564 4208 710 4270 Massiliae
733 4210 888 4289 degebant,
912 4211 948 4272 ad
967 4211 1167 4272 exercendum
1182 4209 1293 4271 cultum
1310 4214 1446 4290 patrium

390 4426 433 4491 41)
454 4425 510 4482 cfr.
528 4427 705 4496 Marquardt‚
724 4428 834 4479 Handb.
855 4434 882 4496 3,
904 4431 930 4496 1,
950 4431 999 4482 256
1018 4445 1044 4480 n.
1065 4431 1137 4485 1791.
