3154 5162
509 469 593 527 PARS
616 469 646 526 11.
692 469 797 527 CAPVT
818 471 837 527 l.
1167 471 1225 534 121

128 635 219 696 stionis
241 636 308 696 ideo
330 656 390 698 non
406 636 479 707 tolli,
503 637 664 698 dummodo
686 644 869 715 argumenta,
893 636 1001 718 quibus
1017 639 1148 706 nitimur,
1170 639 1227 699 rite

126 729 277 800 indicemus
299 757 374 800 neve
396 741 555 800 incertiora
577 758 631 819 pro
655 739 746 800 certis
768 745 939 801 statuamus.

198 909 357 971 Mutatione
379 909 444 979 illa,
473 911 602 990 quaein
624 908 716 998 Gallia
739 908 926 970 Narbonensi
947 911 1023 972 facta
1047 918 1092 971 est
1113 909 1149 971 ab
1171 912 1226 970 im·

125 1012 301 1088 peratoribus
328 1010 402 1072 lulio
432 1011 557 1074 Caesare
592 1018 621 1071 et
648 1013 795 1088 Augusto,
831 1011 956 1073 vidimus
984 1011 1050 1072 loco
1078 1014 1227 1074 civitatum

125 1110 289 1175 Gallicarum
311 1115 407 1192 posita
430 1131 496 1174 esse
518 1112 626 1193 oppida
648 1112 747 1173 Italico
776 1113 864 1174 modo
887 1115 1046 1175 constituta
1069 1122 1158 1191 atque
1178 1133 1226 1175 re·

125 1230 183 1274 vera
204 1217 226 1275 si
247 1217 460 1294 inscriptiones
488 1214 565 1276 solas
588 1233 812 1293 comparamus,
843 1221 976 1276 veterum
1000 1217 1150 1277 civitatum
1172 1235 1225 1276 no·

25 1371 27 1374 ,
124 1315 191 1376 mina
214 1317 287 1378 adeo
310 1316 444 1378 videmus
468 1318 637 1386 evanuisse,
667 1323 700 1376 ut
729 1335 764 1376 ex
786 1324 831 1377 tot
853 1316 971 1378 Gallicis
993 1317 1162 1395 provinciae
1186 1319 1227 1378 ci·

25 1415 26 1420 ’
123 1416 246 1479 vitatibus
269 1437 331 1479 non
354 1419 410 1480 nisi
425 1419 638 1481 Vocontiorum
661 1425 691 1478 et
705 1419 901 1491 Meminorum
921 1421 1041 1480 nomina
1063 1419 1105 1479 ibi
1126 1419 1227 1498 legan-

123 1523 177 1588 tur,
204 1539 238 1580 ex
267 1521 363 1600 iisque
385 1522 598 1582 Vocontiorum
626 1539 735 1581 nomen
763 1520 906 1599 singulari
931 1521 968 1581 de
991 1539 1094 1582 caussa
1117 1521 1229 1582 scilicet

121 1620 239 1684 foederis
262 1622 390 1702 quadam
412 1622 477 1700 lege
499 1624 530 1683 in
552 1622 699 1701 lapidibus
722 1629 928 1684 conservatum
952 1642 1018 1684 esse
1046 1623 1125 1684 infra
1147 1623 1226 1684 ride·

122 1719 217 1792 bimus,
240 1725 441 1786 Meminorum
463 1743 534 1786 vero
557 1727 800 1785 commemoratio
825 1726 857 1786 in
878 1743 937 1785 uua
959 1726 1153 1804 inscriptione
1176 1745 1226 1786 ex·

25 1809 26 1818 ³
123 1827 179 1885 tans
198 1826 264 1887 ideo
288 1828 416 1888 fortasse
435 1833 481 1886 est
501 1835 658 1906 usurpata,
677 1825 756 1905 quod
772 1826 892 1887 Latinae
909 1825 1028 1905 linguae
1044 1827 1228 1888 commodius

122 1933 177 1986 erat
201 1927 230 1987 id
252 1947 379 1996 nomen,
410 1947 497 2009 quam
526 1927 604 1989 aliud
628 1927 773 1989 Gallicum
802 1929 934 1990 eiusdem
964 1929 1087 1989 civitatis
1118 1947 1227 1989 nomen

25 2095 26 2100 ,
121 2025 383 2106 Carpentoracte.⁷)
428 2031 530 2109 ltaque
553 2030 677 2091 dubium
701 2048 842 2090 essenon
860 2035 973 2109 potest,
1000 2031 1071 2108 quin
1088 2036 1155 2108 post
1169 2032 1227 2092 Au·

25 2147 26 2150 ¹
120 2135 227 2204 gustum
244 2150 306 2193 una
321 2131 438 2191 civitate
454 2138 577 2210 excepta
592 2133 693 2210 priora
707 2133 855 2192 civitatum
869 2130 1047 2192 Gallicarum
1063 2133 1182 2191 nomina
1197 2133 1228 2191 in

25 2245 27 2300 ς
119 2229 298 2294 Narbonensi
314 2235 465 2312 provincia
483 2232 599 2312 publice
617 2233 760 2294 desierint
776 2240 884 2294 extare.
920 2233 1023 2313 Neque
1037 2252 1108 2294 vero
1123 2235 1226 2310 magis,

25 2319 27 2402 J
120 2331 141 2421 si
161 2341 274 2396 veteres
298 2336 462 2414 scriptores
485 2335 521 2395 ab
543 2337 608 2414 ipsa
630 2335 717 2397 Plinii
740 2335 1055 2415 descriptionemque
1078 2335 1114 2396 ad
1129 2335 1227 2397 Ptole-

25 2437 26 2490 }
119 2451 227 2498 maeum
245 2436 439 2506 conferimus,
457 2438 483 2496 si
498 2436 605 2497 deinde
620 2437 790 2507 viderimus
807 2455 864 2517 qua
881 2439 1026 2516 cuiusque
1042 2438 1142 2517 oppidi
1158 2455 1228 2516 ager

118 2540 289 2601 constitutus
313 2541 351 2600 sit
371 2541 496 2608 ratione,
520 2541 630 2618 poterit
650 2541 761 2617 negari,
784 2558 881 2619 neque
897 2538 1046 2601 Romanos
1068 2540 1097 2601 id
1121 2541 1226 2617 egisse,

25 2701 27 2728 ;
118 2644 147 2697 ut
158 2639 188 2699 in
209 2640 375 2702 formandis
391 2641 570 2720 oppidorum
587 2642 746 2703 territoriis
765 2648 897 2704 veterum
913 2644 1062 2704 civitatum
1077 2643 1229 2732 territoria

25 2731 28 2818 l
117 2737 315 2804 dividerentur
338 2749 367 2803 et
388 2743 540 2804 civitatum
561 2741 664 2822 populi
684 2744 763 2803 iuter
786 2761 818 2804 se
840 2746 1047 2812 miscerentur,
1072 2760 1170 2820 neque
1192 2761 1228 2803 ex

25 2835 27 2890 ἕ
117 2845 279 2906 communis
301 2846 378 2904 ritae
402 2863 457 2906 usu
480 2852 509 2905 et
530 2843 630 2923 lingua
652 2845 752 2924 priora
772 2846 904 2922 gentium
928 2847 1048 2905 nomina
1070 2862 1134 2904 esse
1158 2843 1227 2905 sub·

26 2961 27 2968 ι
115 2939 176 3004 lata.
220 2947 317 3007 lmmo
340 2947 455 3007 etiamsi
478 2948 643 3007 communis
665 2948 741 3007 vitae
761 2963 834 3006 usus
849 2948 880 3006 in
895 2945 951 3006 hac
968 2945 1128 3006 Galliarum
1144 2952 1228 3025 parte

25 3053 27 3056 ’
115 3061 170 3104 non
190 3047 272 3109 idem
296 3048 394 3109 effecit
416 3056 504 3127 atque
533 3050 563 3108 in
586 3047 679 3109 Gallia
706 3047 862 3118 ulteriore,
891 3053 924 3106 ut
953 3065 988 3106 ex
1011 3045 1130 3107 Gallicis
1158 3047 1227 3105 civi-

114 3151 201 3208 tatum
224 3149 398 3210 nominibus
420 3151 551 3210 recentia
574 3150 683 3227 quibus
704 3168 759 3210 nos
782 3151 893 3209 utimur
914 3147 1093 3227 oppidorum
1108 3149 1229 3208 nomina

25 3303 27 3316 ,
114 3245 222 3320 tierent,
247 3258 349 3311 tamen
364 3251 526 3313 Ptolemaei
548 3269 667 3331 quoque
690 3257 785 3312 aetate
808 3251 869 3310 sive
890 3250 988 3311 medio
1010 3250 1073 3311 lere
1097 3249 1227 3310 secundo

25 3361 26 3370 ’
113 3364 139 3425 p.
163 3349 213 3411 Cb.
246 3351 367 3414 saeculo
396 3352 578 3415 Gallicorum
605 3354 759 3413 nominum
788 3353 931 3414 memoria
959 3353 1021 3412 viva
1044 3353 1130 3411 etiam
1155 3359 1227 3412 erat.

114 3449 201 3519 Quam
225 3454 265 3515 ob
289 3472 353 3514 rem
383 3473 438 3515 nos
465 3462 584 3534 qnoque
612 3457 643 3516 in
672 3455 849 3534 oppidorum
872 3454 1072 3533 descriptione
1095 3471 1159 3514 eam
1182 3472 1228 3514 se·

113 3567 236 3627 quemur
267 3556 344 3616 viam
372 3573 405 3616 ao
428 3557 589 3626 rationem,
619 3566 653 3617 ut
681 3556 858 3635 oppidorum
886 3555 1053 3634 catalogum
1079 3557 1228 3616 civitatum

25 3705 27 3714 ,
113 3651 313 3718 distributioni
336 3657 525 3718 subiciamus.
572 3658 692 3719 Initium
715 3664 812 3718 autem
836 3657 978 3719 faciemus
1001 3656 1109 3727 abiis,
1140 3659 1229 3734 quia

112 3753 212 3818 dextra
234 3757 374 3818 Rhodani
402 3761 467 3838 ripa
490 3767 588 3828 erant,
618 3761 696 3820 inter
717 3778 792 3840 quos
814 3761 913 3838 ipsos,
943 3777 1013 3820 cum
1042 3767 1130 3839 caput
1158 3778 1228 3838 pro·

111 3857 220 3918 vinciae
242 3859 287 3920 ibi
310 3867 404 3930 essct,
428 3859 533 3922 Volcas
555 3862 744 3923 Arecomicos
766 3861 863 3939 primo
885 3859 950 3921 loco
973 3879 1128 3940 ponemus.

114 4077 417 4091 ψ-

175 4248 202 4314 i)
216 4249 354 4301 Similiter
366 4249 401 4300 ad
413 4248 541 4316 oppidum
553 4248 673 4300 Alebece
685 4249 814 4299 Reiorum
822 4247 1024 4314 Apollinarium
1037 4246 1107 4312 quod
1120 4247 1229 4312 attinet,

110 4329 221 4385 Gallica
246 4334 366 4386 nominis
389 4349 455 4399 pars
479 4336 635 4385 continetur
657 4349 712 4386 non
734 4333 811 4383 Reiis
832 4332 1053 4398 Apollinaribus,
1076 4332 1125 4382 aad
1146 4347 1228 4385 voca·

109 4415 171 4470 bulo
189 4418 326 4486 Alabana,
346 4418 418 4485 quod
435 4433 574 4488 nunquam
593 4423 636 4472 est
653 4419 683 4469 in
700 4416 848 4486 lapidibus.
