3154 5162
399 441 458 502 138
748 494 751 498 ,
788 435 873 491 PARS
894 435 924 492 ll.
968 434 1075 490 CAPVT
1097 435 1116 490 l.

396 611 445 666 tur
468 602 504 666 ad
526 604 623 664 rivum
649 601 810 664 Toulonbrc
830 617 925 682 prope
947 600 1045 662 vicum
1067 599 1108 660 St.
1127 600 1257 662 Clamas
1279 600 1355 681 (app.
1381 619 1410 660 n.
1426 601 1488 680 359).

396 704 482 778 Quod
505 711 603 766 autern
627 705 757 781 quinque
779 702 825 764 vel
847 719 899 762 sex
921 701 1017 780 leugis
1038 701 1191 764 hodiernis
1219 721 1235 763 a
1256 700 1385 762 Massilia
1412 703 1490 764 orien-

395 813 457 868 tem
484 824 589 867 versus
621 806 652 866 in
679 807 742 866 vico
769 804 813 865 St.
840 805 920 866 Jean
949 805 987 866 de
1014 804 1163 880 Garguier
1188 806 1354 867 invenimus
1380 822 1491 885 paganos

395 909 464 988 pagi
485 907 631 978 Lucretii,
663 907 713 984 qui
735 907 837 967 dicunt
863 924 896 966 se
925 924 990 968 esse
1016 907 1048 967 in
1070 905 1178 968 linibus
1199 905 1417 970 Arelatensium
1439 905 1491 966 loco

396 1010 539 1088 Gargario
563 1009 639 1090 (app.
663 1027 692 1070 u.
718 1006 805 1089 358),
834 1007 865 1070 hi
887 1014 989 1088 aperte
1012 1007 1129 1088 longius
1151 1026 1239 1086 quam
1262 1009 1437 1070 Cenicenses
1454 1026 1502 1069 ro··
1550 1003 1552 1008 ’

396 1114 470 1194 moti
492 1117 578 1172 erant
598 1109 636 1171 ab
657 1109 775 1172 Arelate
798 1118 828 1171 ot
853 1111 885 1170 in
913 1128 947 1170 ea
976 1112 1114 1189 regione,
1139 1127 1228 1188 quam
1250 1110 1435 1188 Aquensibus
1452 1127 1494 1190 po-

395 1214 456 1284 tius
487 1211 629 1274 tribueris
661 1229 750 1291 quam
781 1210 1013 1274 Arelatensibns.
1063 1212 1167 1289 Itaque
1199 1213 1257 1274 nisi
1289 1213 1369 1273 torte
1402 1213 1497 1281 statuis,

395 1321 521 1392 angusto
545 1312 639 1374 limite
660 1312 877 1374 Arelatensium
900 1316 975 1376 fines
998 1315 1156 1375 continuos
1176 1316 1256 1376 inter
1279 1314 1452 1378 Conicenses
1475 1317 1498 1372 et

301 1417 309 1436 '
395 1416 577 1496 Aquensium
599 1423 716 1476 montes
738 1434 833 1495 usque
856 1414 893 1476 ad
914 1432 1025 1496 pagum
1046 1414 1218 1478 Lucretium
1245 1417 1440 1496 pertinuisse,
1459 1413 1498 1474 bic

396 1517 489 1579 habes
511 1516 680 1595 exemplum
702 1519 759 1578 vici
781 1517 942 1578 contributi
963 1519 1092 1598 separati
1110 1536 1126 1579 a
1148 1519 1300 1579 territorio
1321 1519 1386 1579 eius
1406 1516 1496 1598 oppidi,

397 1620 482 1680 cuius
511 1626 588 1688 erat,
613 1625 642 1679 et
668 1617 775 1680 inclusi
802 1621 833 1680 in
862 1621 1014 1681 territorio
1036 1619 1142 1680 alieno.
1169 1653 1204 1663 -
1231 1620 1386 1682 Glanum
1409 1616 1499 1680 deinde

396 1716 538 1800 Livit²¹t
568 1719 619 1801 (St.
636 1718 757 1800 Rcmy),
782 1738 959 1802 quamquam
983 1721 1099 1783 duobus
1127 1723 1329 1784 monumentis
1351 1719 1498 1784 maioribus

395 1821 486 1884 hodie
509 1839 629 1902 quoque
652 1824 835 1902 conservatis
856 1825 972 1902 insigne
995 1830 1055 1892 est,
1079 1839 1168 1894 arcu,
1197 1830 1231 1884 ut
1252 1823 1371 1886 videtur
1400 1823 1434 1884 ad
1460 1840 1499 1881 oe·

395 1923 569 1987 lebrandam
591 1925 743 1986 victoriam
766 1927 867 1986 nescio
891 1942 979 2003 quam
1003 1931 1138 1986 extructo
1163 1934 1192 1987 et
1214 1925 1368 1987 mausoleo
1390 1923 1499 1987 familiae

397 2025 551 2090 cuiusdam
573 2025 664 2090 lullae
689 2029 772 2110 (app.
798 2046 827 2088 n.
853 2027 947 2106 361),
972 2044 1048 2106 quae
1076 2027 1136 2088 duo
1158 2035 1352 2090 monumenta
1381 2028 1501 2108 proxime

395 2131 432 2191 ad
453 2129 522 2192 Iulii
543 2130 678 2192 Caesaris
706 2135 833 2190 aetatem
863 2127 1000 2190 videntur
1029 2128 1189 2200 accedere,
1219 2138 1318 2190 tamen
1347 2126 1501 2209 respublica
1550 2195 1552 2202 q

396 2234 520 2293 minoris
547 2233 692 2294 momenti
721 2232 836 2293 videtur
864 2232 971 2301 luisse;
1001 2231 1217 2293 contribuerim
1246 2233 1275 2292 ei
1301 2239 1331 2292 et
1361 2232 1502 2294 stationem

395 2335 458 2394 viae
487 2331 624 2413 publicae
652 2333 830 2404 Bellintum,
860 2342 1004 2395 remotam
1039 2333 1076 2396 ab
1103 2333 1252 2412 Ernagino
1281 2353 1319 2394 m.
1351 2354 1381 2415 p.
1411 2332 1452 2402 X,
1473 2327 1501 2389 ab
1527 2319 1529 2324 ’

396 2435 546 2496 Avenione
569 2436 592 2495 V
621 2434 727 2516 (itiner.
751 2454 781 2515 p.
806 2441 883 2505 553;
907 2435 1106 2497 Bartancane
1135 2442 1185 2496 aut
1206 2435 1331 2497 Louzoc
1354 2435 1462 2498 Uckert
1479 2449 1502 2509 p.

397 2534 467 2614 436)
493 2544 522 2595 et
543 2537 757 2609 Tarasconem,
781 2544 815 2599 ut
837 2554 895 2615 quo
917 2536 984 2599 loco
1007 2543 1128 2617 reperta
1151 2539 1190 2599 sit
1210 2539 1367 2617 inscriptio
1390 2533 1503 2598 hominis

396 2637 563 2716 profitentis
584 2637 697 2700 tribum
718 2639 875 2701 Voltiniam
899 2639 977 2720 (app.
1001 2658 1029 2700 n.
1055 2637 1143 2719 362);
1168 2639 1295 2701 Voltinia
1318 2641 1400 2700 enim
1422 2636 1505 2697 tribus

395 2757 456 2800 non
478 2737 694 2801 Arelatensium
724 2747 803 2811 erat,
834 2741 885 2802 sed
908 2740 1109 2803 Glanioorum.
1137 2775 1171 2785 -
1197 2742 1232 2803 ln
1261 2740 1366 2802 eadem
1395 2739 1504 2817 regione

395 2841 489 2902 luisse
511 2841 684 2904 Desuviates
706 2843 775 2904 inde
798 2841 972 2912 concludas,
1003 2842 1082 2921 quod
1111 2862 1128 2904 a
1150 2843 1245 2904 Plinio
1274 2845 1355 2906 inter
1377 2838 1507 2904 Anatilios

397 2949 426 3003 et
449 2943 575 3005 Cavares
598 2942 797 3014 collocantur;
823 2963 839 3006 a
862 2963 921 3025 quo
943 2946 1064 3006 nomine
1086 2947 1112 3005 si
1134 2963 1238 3006 revera
1254 2943 1450 3006 derivandum
1470 2945 1507 3000 est

286 3035 288 3040 ’
395 3063 505 3106 nornen
531 3046 588 3106 vici
609 3044 804 3123 Beseaumes,
834 3048 885 3126 qui
912 3047 1027 3107 medius
1053 3048 1180 3108 interest
1206 3049 1286 3107 inter
1307 3047 1458 3108 Arelatem
1483 3045 1508 3099 et

395 3153 533 3225 stagnum
554 3146 774 3209 Mastramelam
798 3147 918 3228 (Uolert
940 3167 969 3227 p.
987 3146 1075 3226 298),
1098 3150 1177 3209 intra
1199 3147 1423 3212 Arelatensium
1444 3145 1508 3206 fines

396 3266 447 3307 eos
470 3266 572 3326 ponas.
625 3248 759 3327 lienique
787 3251 928 3311 stationes
956 3266 1074 3329 quoque
1103 3241 1232 3320 viarum,
1262 3267 1340 3331 quae
1370 3250 1407 3312 ab
1428 3244 1508 3323 Aquis

397 3348 507 3409 Sextiis
522 3348 670 3411 Arelatem
686 3350 847 3422 ducebant,
865 3351 922 3412 hoo
938 3351 1003 3412 loco
1019 3360 1089 3413 sunt
1104 3352 1399 3414 commemorandae.
1439 3348 1510 3421 qnae

395 3451 460 3510 viae
483 3458 567 3512 erant
588 3451 673 3523 duae,
699 3451 791 3513 altera
813 3454 927 3515 ducens
948 3472 1003 3533 per
1025 3453 1152 3516 Glanum
1174 3454 1249 3514 Livii
1271 3460 1302 3514 et
1321 3454 1507 3532 Ernaginum,

396 3550 489 3612 altera
511 3570 565 3632 per
588 3553 763 3623 Massiliam
788 3557 930 3617 stationes
953 3563 1051 3617 autem
1074 3547 1185 3636 prioris
1208 3558 1285 3627 viae,
1311 3558 1403 3617 ouius
1426 3552 1511 3615 adbuc

397 3660 498 3714 extant
519 3654 665 3734 quaedam
689 3656 847 3734 reliquiae,
874 3666 995 3736 praeter
1018 3657 1144 3719 Glanum
1176 3666 1205 3720 et
1226 3659 1416 3738 Ernaginum
1444 3653 1509 3715 indi·

396 3761 444 3814 cat
471 3754 571 3817 tabula
593 3743 821 3836 Peutingeriana
843 3758 959 3819 Pisavas
986 3777 1026 3823 m.
1049 3779 1078 3839 p.
1103 3759 1195 3820 XVlll
1222 3760 1259 3822 ab
1281 3762 1380 3838 Aquis
1411 3760 1512 3842 (prope

396 3858 493 3918 vicum
514 3857 683 3936 Peltsamcc)
712 3869 742 3920 et
764 3860 899 3921 Tuicias?
922 3881 961 3923 m.
983 3880 1013 3940 p.
1037 3860 1088 3921 XV
1117 3861 1152 3921 ab
1176 3864 1282 3940 Aquis,
1313 3881 1331 3922 a
1358 3862 1454 3924 Glano
1479 3854 1512 3917 lll

394 3965 527 4022 remotas
550 3959 750 4040 (Jeep-Jeep)
763 3958 816 4038 ²²),
846 3963 908 4022 viae
931 3962 1123 4024 Massiliensis
1145 3965 1223 4025 inter
1238 3959 1342 4041 Aqrias
1368 3971 1400 4026 et
1421 3959 1512 4025 blassi·

463 4127 507 4194 21)
527 4127 645 4180 Glanum
663 4130 732 4179 Livii
749 4145 797 4180 cur
813 4130 859 4181 hio
876 4130 953 4183 locus
973 4130 1131 4198 appellatus
1150 4133 1199 4196 sit,
1217 4132 1324 4183 nescio.

463 4211 509 4280 22)
532 4213 589 4267 Gir.
612 4213 719 4265 Uokert
742 4232 769 4280 p.
785 4217 848 4281 436,
872 4217 918 4280 qui
940 4217 970 4266 in
994 4217 1170 4284 assignandis
1194 4217 1359 4268 nominibus
1383 4213 1514 4269 hodiernis

395 4299 519 4362 sequitur
530 4297 643 4350 librumc
663 4298 838 4365 ‘Stetistiqne
856 4300 893 4350 du
904 4298 966 4367 ddp.
984 4301 1033 4352 des
1045 4302 1363 4358 Bouches-du-Rhcine'.
1375 4330 1411 4340 —
1426 4300 1515 4355 rtem

395 4380 467 4448 legit
483 4382 625 4451 Mannert,
647 4384 767 4437 Te-c‘cias
783 4384 815 4436 A.
834 4383 933 4452 Maury
952 4385 1055 4450 (Revue
1075 4385 1198 4440 arohdol.
1217 4389 1283 4438 1864
1301 4403 1331 4454 p.
1353 4388 1411 4453 63).
