3148 5160
312 490 371 551 198
701 487 783 542 runs
806 486 835 541 ll.
880 483 987 542 CAPVl'
1009 485 1040 541 11.

311 651 549 729 communis¹⁰⁸)‚
579 653 614 712 ad
644 671 731 713 arcae
759 653 917 732 cultusque
947 653 1231 713 administrationem
1259 653 1296 721 ii,
1321 651 1435 728 quibus

310 755 367 817 hoc
396 775 506 817 munus
533 755 704 816 mandatum
733 761 813 824 erat,
842 757 873 815 in
907 753 1088 834 reipublicae
1116 755 1242 815 formam
1271 755 1433 813 convenie-

311 859 390 920 bant.
437 859 519 929 Quae
543 877 610 918 cum
632 856 712 918 baud
735 856 824 918 dubia
849 859 921 927 sint,
950 857 1106 918 obscurior
1135 862 1181 916 est
1209 857 1272 916 eius
1301 855 1435 916 instituti

312 962 406 1039 origo.
451 951 494 1022 De
518 978 575 1038 qua
597 978 631 1018 re
653 977 712 1019 non
736 966 834 1038 potest
856 958 988 1037 generali
1011 958 1098 1018 modo
1126 958 1249 1027 disseri,
1279 957 1332 1017 sed
1355 958 1436 1016 sicut

312 1080 415 1122 caussa
444 1061 565 1140 quidem
597 1061 700 1122 eadem
729 1068 773 1120 est
800 1078 855 1138 per
889 1079 976 1120 omne
1006 1061 1180 1139 imperium,
1209 1060 1306 1120 lorma
1334 1065 1433 1119 autem

311 1163 428 1240 collegii
457 1161 513 1223 alia
542 1165 573 1222 in
596 1161 661 1222 aliis
683 1164 801 1241 imperii
823 1162 975 1240 partibuS,
1005 1163 1045 1222 ita
1075 1163 1158 1239 origo
1189 1177 1308 1237 quoque
1331 1158 1432 1220 multi·

309 1266 379 1345 plex
412 1270 511 1343 potest
543 1265 643 1324 luisse.
695 1263 738 1324 Ad
772 1268 891 1342 tempus
926 1262 1044 1343 quidem
1079 1263 1158 1340 quod
1190 1264 1310 1330 attinet,
1349 1268 1435 1321 extra

312 1368 493 1445 provinciam
516 1369 647 1427 nostram
665 1365 806 1426 recedere
822 1363 955 1425 videmus
970 1363 1212 1442 Augustalitatem
1236 1382 1332 1442 usque
1354 1362 1434 1423 ultra

313 1486 425 1530 annum
446 1487 475 1547 p.
500 1466 552 1527 dh.
576 1463 696 1541 1219),
725 1468 755 1526 in
777 1465 965 1526 Narbonensi
994 1474 1092 1528 autem
1122 1458 1268 1527 eiusmodi
1296 1466 1432 1525 testimo·

312 1572 394 1630 nium
419 1570 519 1638 deest;
543 1568 636 1629 nihilo
658 1560 729 1627 vero
752 1569 851 1627 minus
874 1569 937 1646 ipsa
960 1569 1056 1647 prima
1078 1569 1163 1628 initia
1191 1573 1221 1627 et
1243 1585 1349 1627 caussa
1371 1567 1434 1627 lor·

312 1689 378 1733 mae
402 1671 535 1732 seviralis
559 1689 592 1730 ex
610 1669 856 1748 inscriptionibus
871 1671 982 1730 nostris
997 1669 1134 1731 videntur
1150 1688 1240 1750 posse
1256 1671 1331 1729 erui.
1361 1669 1435 1740 Qui·

313 1790 432 1850 cunque
456 1779 581 1851 egerunt
596 1772 632 1832 de
649 1773 752 1832 seviris
766 1771 977 1848 Augustalibus
1000 1775 1053 1832 viri
1068 1773 1162 1841 docti,
1184 1790 1245 1832 non
1266 1773 1437 1832 omiserunt

313 1871 445 1936 animum
468 1873 622 1934 advertere
645 1871 681 1932 ad
711 1891 779 1934 arae
801 1872 1003 1934 Narbonensis
1030 1875 1274 1954 inscriptionem,
1303 1872 1356 1933 ubi
1384 1890 1436 1932 re·

312 1995 380 2037 vera
403 1975 495 2037 habes
519 1976 645 2044 serires,
671 1977 721 2052 qui
743 1976 866 2051 Augusti
888 1974 980 2036 cultui
1002 1994 1034 2035 se
1057 1975 1217 2044 devovent:
1241 1992 1342 2069 neque
1363 1993 1437 2035 vero

307 2077 369 2140 ¹alio
394 2096 484 2138 sensu
508 2076 541 2136 ad
566 2075 622 2137 hoc
639 2075 808 2155 exemplum
823 2085 1033 2146 recurrerunt,
1058 2095 1146 2155 quam
1169 2083 1203 2138 ut
1224 2095 1277 2138 ser
1298 2079 1437 2138 virorum

310 2178 469 2257 collegium
493 2180 613 2257 saepius
636 2181 666 2238 in
686 2177 767 2238 cultu
791 2176 955 2240 adhibitum
979 2197 1045 2239 esse
1068 2178 1272 2240 ostenderent.
1296 2179 1437 2240 Attamen

310 2279 448 2341 facillime
471 2285 570 2359 potest
592 2281 671 2348 fieri,
697 2287 727 2339 ut
749 2281 779 2339 in
802 2278 891 2340 huius
920 2299 987 2341 arae
1018 2279 1103 2342 titulo
1131 2282 1257 2360 primam
1286 2281 1437 2357 originem

312 2401 415 2441 eorum
448 2383 499 2460 qui
531 2388 634 2460 postea
668 2380 835 2441 existebant
873 2383 1036 2442 sevirorum
1076 2380 1186 2442 habeas
1218 2381 1436 2460 Augustalium.

311 2485 375 2554 Quo
399 2483 477 2542 e'nim
501 2488 636 2559 tempore
659 2483 773 2541 numini
796 2483 852 2541 vivi
874 2489 936 2542 tum
959 2484 1082 2560 Augusti
1105 2483 1232 2543 colendo
1261 2501 1293 2544 se
1318 2484 1439 2544 devovit

310 2583 397 2664 plebs
418 2583 634 2652 Narbonensis
659 2581 818 2660 collegium
839 2585 967 2645 instituit
989 2603 1041 2644 ser
1066 2586 1211 2654 virorum,
1235 2587 1328 2645 trium
1352 2587 1437 2665 equi·

311 2694 374 2746 tum
409 2691 438 2744 et
471 2685 560 2745 trium
579 2669 820 2752 libertinorum,
854 2687 905 2764 qui
937 2683 1034 2764 plebis
1066 2689 1187 2747 nomine
1221 2705 1289 2747 eum
1324 2687 1439 2747 cultum

312 2788 507 2865 susciperent.
553 2784 670 2845 Mortuo
694 2785 802 2845 deinde
823 2787 955 2864 Augusto
977 2787 1117 2848 Narbone
1140 2807 1200 2849 non
1224 2790 1323 2850 minus
1346 2805 1439 2865 quam

310 2887 382 2949 alias
405 2906 464 2948 non
486 2889 544 2947 iam
567 2892 682 2946 tantum
705 2905 721 2947 a
743 2894 827 2966 parte
849 2887 952 2967 populi
976 2890 1036 2949 sive
1052 2910 1069 2951 a
1083 2890 1219 2969 plebeiis,
1243 2889 1297 2950 sed
1321 2907 1439 2950 acom-

310 2991 392 3050 muni
414 2987 568 3067 republica
591 2989 706 3048 numini
728 2987 792 3050 Diri
814 2992 936 3068 Augusti
959 2998 1150 3070 prospectum
1181 2999 1226 3053 est
1255 3011 1310 3072 per
1340 2991 1438 3052 flami·

309 3092 391 3150 nium
415 3088 611 3168 municipale,
637 3089 716 3166 quod
740 3091 961 3195 sacerdotium4
979 3098 1012 3152 ut
1034 3095 1112 3154 inira
1135 3093 1317 3162 videbimus,
1342 3095 1439 3172 perti·

309 3191 398 3252 nebat
417 3191 451 3251 ad
469 3190 580 3252 cultum
597 3191 721 3268 Augusti
737 3191 901 3269 domusque
914 3194 1134 3272 imperatoriae.
1160 3195 1238 3256 Turn
1257 3193 1439 3255 Narbonen-

311 3310 374 3359 seS,
398 3310 436 3351 ne
457 3291 565 3370 duplex
588 3311 662 3352 onus
683 3294 842 3371 municipio
866 3296 998 3355 eveniret
1021 3315 1037 3356 e
1059 3295 1141 3356 cultu
1162 3298 1296 3357 numinis
1311 3297 1441 3374 Augusti

310 3410 384 3452 neve
408 3411 444 3451 ex
467 3391 558 3453 altera
580 3399 665 3472 parte
680 3395 764 3472 prior
780 3412 849 3454 arae
865 3395 1066 3458 Narbonensis
1083 3398 1181 3459 cultus
1198 3400 1438 3475 extingueretur,

310 3493 389 3553 bunc
411 3493 525 3554 cultum
553 3493 695 3555 detulisse
724 3496 860 3556 videntur
888 3496 924 3558 ad
952 3494 1047 3558 soldm
1078 3499 1215 3560 ordinem
1243 3497 1440 3570 libertorum,

312 3613 348 3653 ex
372 3611 498 3670 quorum
521 3595 673 3656 ditissimis
696 3615 712 3655 a
734 3596 946 3658 decurionibus
969 3606 1069 3660 certus
1091 3617 1237 3661 numerus
1260 3600 1441 3678 eligeretur,

311 3688 361 3772 qui
394 3713 447 3756 sua
476 3697 627 3775 impensa,
663 3695 714 3756 sed
749 3700 868 3758 nomine
905 3699 1007 3777 populi
1039 3699 1069 3760 id
1104 3711 1214 3762 munus
1256 3702 1443 3780 municipale

310 3795 662 3887 susciperetgsimulque
685 3801 816 3868 muneri,
841 3816 899 3876 quo
923 3808 1003 3861 esset
1024 3803 1154 3879 gratius,
1178 3801 1279 3863 honor
1309 3811 1356 3864 est
1383 3804 1442 3864 ad-

310 3897 403 3965 ditus;
428 3915 538 3957 nomen
561 3904 661 3958 autem
683 3898 864 3969 sevirorum,
889 3887 1068 3978 quamquam
1090 3905 1185 3965 maior
1208 3906 1269 3965 iam
1292 3922 1443 3984 corpora·

379 4163 439 4230 108)
459 4163 516 4214 Cfr.
536 4163 714 4216 01·.·Henzen
732 4169 811 4226 3913,
830 4169 878 4218 ubi
896 4171 980 4220 seviri
993 4171 1152 4223 Brixienses
1172 4171 1304 4225 dicuntur
1322 4190 1357 4226 ex
1373 4190 1445 4240 per-

310 4249 397 4298 missu
414 4249 482 4300 Divi
500 4249 543 4298 Pii
562 4265 648 4300 aream
665 4249 767 4301 babere.

305 4370 308 4374 .
379 4329 517 4396 1011)(111.
537 4334 826 4398 quaedicitHenuen
846 4337 990 4400 (Zeitschr
1010 4338 1164 4395 1111111111.
1182 4341 1281 4408 l.l.'p
1297 4345 1355 4395 196.
1377 4345 1446 4400 199.

311 4412 372 4480 294)
392 4415 451 4464 de'
445 4417 561 4481 ruscript
563 4419 625 4467 ione
644 4419 870 4470 musei'Ienlrins
