3154 5162
502 471 587 530 PARS
609 471 638 529 ll.
683 471 791 529 CAPVl'
812 472 841 528 ll.

200 638 244 700 lV.
269 639 373 700 Civitas
395 639 560 710 foederata,
583 638 691 708 libera,
714 641 855 701 immunis
877 638 1013 718 Massilia.

199 741 382 803 Accedebant
403 761 458 822 per
481 742 600 820 aliquod
622 749 740 822 tempus

200 844 230 903 V.
254 844 398 921 Ligurum
421 843 566 923 quaedam
589 845 720 906 civitates
744 842 966 923 stipendiariae,
997 861 1122 920 quarum
1145 851 1226 907 certa

124 945 221 1022 oppida
236 963 295 1006 non
310 948 509 1010 nominantur.
542 945 711 1008 Extiterunt
730 947 820 1024 igitur
842 951 1001 1014 coactam,
1026 964 1083 1023 qua
1099 948 1226 1008 maxime

122 1044 223 1107 florens
246 1053 309 1108 erat
330 1049 500 1127 provinciae
523 1055 633 1118 stains,
657 1047 834 1128 oppidorum
858 1030 1008 1108 territoria
1031 1048 1128 1109 XLIV.

198 1148 269 1212 Cum
300 1169 359 1230 quo
388 1150 566 1230 oppidorum
597 1150 729 1228 catalogo
764 1152 789 1210 si
817 1150 935 1210 coniers
969 1167 1018 1219 ea,
1047 1169 1123 1230 qnae
1157 1150 1226 1212 alibi

84 1274 87 1278 ’
121 1253 264 1312 recenseri
286 1251 383 1312 solent
405 1252 583 1332 oppidorum
605 1253 636 1312 in
652 1251 725 1313 orbe
740 1253 873 1313 Romano
890 1251 1010 1311 nomina
1031 1257 1060 1310 et
1074 1250 1224 1332 generas),

86 1331 92 1343 ’
122 1349 326 1415 desideraveris
348 1356 553 1434 praefecturas
576 1361 607 1414 ct
627 1355 789 1434 municipia
817 1355 922 1413 civium
945 1353 1148 1415 Romanorum
1173 1354 1225 1414 La-

19 1527 20 1530 *
74 1499 79 1507 .
121 1455 311 1534 tinorumque.
342 1457 378 1518 Et
400 1458 607 1536 praefecturae
629 1456 749 1536 quidem
772 1474 840 1518 cum
863 1457 983 1516 omnino
1006 1455 1105 1516 ltaliae
1127 1457 1226 1536 potius

120 1562 181 1615 sunt
202 1575 290 1637 quam
312 1559 548 1639 provinciarum,
572 1566 636 1619 tum
657 1559 703 1620 vel
731 1559 762 1618 in
783 1557 866 1618 ltalia
887 1559 1102 1637 imperatorum
1130 1564 1225 1620 aetate

118 1658 286 1720 rarissimae.
337 1660 495 1739 Municipia
524 1665 623 1721 autem
656 1676 732 1737 quae
761 1658 830 1720 alibi
864 1666 950 1729 sunt,
982 1661 1014 1720 in
1042 1659 1096 1722 hae
1124 1667 1225 1722 nostra
1300 1729 1304 1736 ,

118 1761 259 1837 provincia
276 1769 422 1823 summota
437 1769 507 1823 sunt
521 1765 641 1824 nomine
657 1761 841 1824 coloniarum
857 1763 918 1822 sive
938 1779 972 1823 re
993 1763 1113 1842 quidem
1130 1769 1223 1832 erant,

19 1851 23 1866 '
117 1863 227 1924 nomine
256 1883 317 1925 non
347 1871 439 1926 erant.
485 1864 643 1944 Municipie
673 1866 751 1925 enim
778 1865 993 1942 imperatorum
1022 1871 1117 1925 aetate
1141 1871 1225 1926 erant

19 2011 21 2020 ,
118 1963 213 2042 oppida
237 1967 402 2043 antiquitus
424 1968 598 2036 constituta,
622 1985 710 2045 quae,
736 1970 893 2044 postquam
916 1964 1070 2025 desierunt
1090 1968 1137 2028 sui
1151 1968 1224 2027 iuris

117 2081 190 2135 esse,
214 2068 332 2127 civitate
355 2069 415 2128 sive
437 2067 570 2129 Romana
599 2070 660 2128 sive
682 2067 785 2128 Latina
814 2066 935 2136 donata,
966 2066 1018 2126 sed
1047 2066 1160 2128 colonis
1188 2086 1223 2128 co

19 2205 21 2210 -
116 2183 169 2227 non
190 2167 327 2230 deductis
354 2170 384 2230 in
412 2171 572 2249 imperium
593 2169 759 2230 Romanum
789 2165 1014 2247 transui-antip
1045 2175 1117 2228 erat·
1134 2170 1224 2246 igitur

116 2270 303 2352 municipium
325 2272 450 2341 Vienna,
475 2277 559 2333 crant
587 2273 745 2351 municipia
775 2272 873 2333 omnia
903 2269 1011 2350 oppida
1032 2269 1135 2331 Latina
1161 2271 1222 2350 pri·

19 2393 20 2430 1
116 2368 176 2432 dem
196 2371 309 2434 Gallica
332 2391 368 2432 ex
389 2372 538 2452 indigenis
560 2375 720 2435 constituta
746 2373 873 2451 ideoque
895 2370 931 2432 ab
953 2373 1019 2452 ipsa
1040 2391 1073 2433 re
1097 2379 1127 2432 et
1148 2374 1223 2432 veri-

116 2476 168 2532 tate
188 2491 248 2534 non
271 2474 385 2535 alienus
409 2481 453 2536 cst
475 2476 610 2546 Tacitus,
640 2478 665 2536 si
691 2454 850 2556 municipia
879 2474 1008 2555 appellat
1028 2474 1141 2536 Lucum
1164 2477 1222 2536 Au·

114 2576 184 2650 gusti
206 2583 235 2636 et
257 2575 428 2656 Antipolim.
443 2575 480 2656 10)
524 2579 561 2640 Ac
583 2579 649 2638 lulii
671 2578 805 2640 Caesaris
832 2576 1002 2639 liberalitati
1022 2577 1150 2638 vidimus
1172 2577 1222 2638 dc-

113 2673 207 2738 huisse
235 2679 310 2739 baec
339 2679 445 2758 oppida
474 2681 572 2740 omnia
601 2678 784 2759 splendidius
817 2680 951 2741 coloniae
986 2697 1109 2750 nomen,
1139 2672 1223 2742 cuius

112 2773 227 2840 honoris
250 2780 371 2841 Tacitus
398 2781 519 2859 quidem
549 2781 660 2843 nullam
687 2781 791 2844 hahuit
817 2783 962 2842 rationem
991 2783 1052 2842 sive
1079 2783 1221 2852 notitiam,

113 2880 251 2943 rationem
275 2882 408 2945 studiose
431 2882 581 2945 habebant
607 2883 720 2964 lapides
747 2885 911 2962 inscripti3v
929 2881 1007 2944 unde
1033 2883 1220 2952 factumest,

19 2981 21 3062 g
111 2987 141 3041 ut
155 2982 217 3044 'duo
241 2990 359 3046 tantum
382 2986 560 3065 oppidorum
575 2985 676 3047 ltalico
698 2984 786 3046 modo
809 2985 1038 3046 constitutorum
1061 3002 1172 3062 genera
1191 2987 1222 3045 in

19 3105 21 3174 g
111 3077 205 3146 nostra
226 3088 379 3166 provincia
404 3094 518 3148 essent:
543 3086 676 3152 coloniae
698 3088 805 3150 civium
820 3088 1020 3148 Romanorum
1045 3093 1074 3146 et
1089 3085 1221 3148 coloniae

19 3189 21 3228 ἱ
106 3181 234 3248 latinae.
282 3187 337 3248 Cui
358 3191 404 3249 rei
425 3208 487 3250 non
509 3188 620 3260 obstat,
644 3189 723 3269 quod
744 3189 894 3250 interdum
919 3191 997 3250 cives
1020 3189 1145 3250 alicuius
1168 3207 1220 3270 op·

19 3271 21 3346 l
109 3287 166 3364 pidi
187 3291 354 3368 municipes
378 3291 527 3360 dicuntur,
552 3293 629 3353 sicut
651 3309 695 3352 ex.
715 3309 759 3368 gr.
785 3290 973 3353 Arelatenses
990 3291 1066 3370 (app.
1083 3309 1112 3350 n.
1131 3288 1219 3368 330);

19 3427 21 3442 .
108 3406 229 3472 namque
253 3394 469 3471 imperatorum
493 3400 588 3454 aetate
611 3395 744 3467 abusive,
769 3399 802 3452 ut
823 3395 863 3453 ait
878 3392 1035 3472 Ulpianus,
1058 3395 1222 3468 municipes

19 3519 21 3592 q
109 3491 281 3554 dicebantur
301 3513 374 3555 suae
392 3497 533 3570 cuiusque
554 3497 681 3556 civitatis
702 3491 831 3573 cives¹¹l
877 3494 989 3557 Deinde
1018 3497 1043 3556 si
1066 3495 1146 3572 qnod
1167 3514 1220 3575 op·

170 3749 195 3810 8)
216 3747 274 3802 cfr.
294 3748 470 3813 Marquardt‚
489 3750 646 3800 Hendbuch
664 3749 712 3800 der
731 3765 813 3800 roem.
832 3747 1018 3800 Aiterthiimer
1036 3751 1063 3808 3,
1084 3751 1097 3798 1
1116 3765 1142 3816 p.
1161 3713 1202 3800 51.

170 3830 196 3897 9)
215 3833 371 3899 Municipia
395 3850 456 3886 esse
487 3841 514 3884 st
538 3835 639 3886 civium
661 3835 844 3886 Romanorum
866 3839 895 3884 et
915 3834 1080 3884 Latinorum
1102 3834 1221 3898 probant

107 3915 215 3968 tabulas
235 3917 413 3982 Salpensana
437 3925 465 3969 et
482 3920 662 3971 Malacitana.
697 3919 861 3978 Mommsen,
881 3918 1056 3968 Stadtrechte
1074 3935 1101 3983 p.
1119 3919 1170 3969 400
1193 3933 1219 3966 n.

19 4045 32 4062 ,
107 4001 145 4050 23.
168 4003 218 4056 cfr.
243 4006 392 4069 praetereo.
415 4003 540 4064 Rusoni,
564 4005 656 4056 Roem.
680 4003 880 4068 Rechisgeseh.
900 4004 923 4052 1.
948 4004 971 4064 ἕ.
991 4005 1031 4054 12.
1066 4000 1220 4064 Municipia

19 4125 21 4128 .
106 4083 264 4138 Latinorum
283 4101 391 4153 qnoque
411 4089 511 4140 civium
530 4091 616 4140 fuisse
634 4092 740 4155 negant
758 4089 842 4138 etiam
860 4092 922 4153 post
940 4084 1119 4152 editas'leges
1132 4085 1219 4134 muni-

106 4169 233 4234 cipiorum
253 4172 467 4238 Hispanicorum
486 4173 518 4227 A.
530 4175 573 4228 W.
586 4175 705 4239 Zumpt,
725 4172 801 4223 Stud.
820 4188 885 4223 rom.
904 4189 930 4237 p.
949 4173 999 4222 269
1017 4183 1077 4236 sqq.
1101 4168 1218 4231 Walter,

19 4313 21 4334 Ι
107 4249 203 4305 Gssch.
222 4257 272 4307 des
290 4273 373 4310 roem.
391 4258 493 4309 Rechts
513 4261 536 4312 1.
556 4260 580 4320 ξ.
598 4260 656 4313 217.

19 4337 21 4402 l
87 4397 93 4402 p
168 4338 212 4406 10)
232 4341 324 4395 Tacit.
341 4343 405 4396 hist.
425 4346 452 4407 1,
471 4343 512 4394 66.
531 4347 560 4408 2,
582 4346 622 4394 15.

19 4409 21 4426 ’
169 4425 212 4490 11)
231 4426 264 4476 L.
285 4427 314 4492 1,
333 4428 356 4490 ἓ.
377 4429 390 4479 1
409 4427 518 4493 Digest.
537 4427 573 4479 ed
590 4429 692 4483 munic.
711 4424 768 4493 (50,
789 4424 823 4492 1).
