3148 5160
348 470 410 532 238
725 469 808 524 PARS
830 469 860 525 ll.
904 468 1010 525 GAPV'l'
1032 468 1073 524 lli.

347 633 486 710 generale
514 633 700 712 proconsulis
729 635 857 695 officium
885 637 1000 695 inerme
1030 641 1105 704 erat,
1135 653 1194 695 nou
1224 634 1383 714 paludatus
1409 635 1461 696 sed

346 742 463 812 togatus
486 734 586 796 exibat
605 737 637 796 in
660 737 850 816 provinciam.
897 736 1054 798 Praeterea
1078 743 1220 796 statutum
1244 743 1303 805 est,
1332 744 1367 797 ut
1387 755 1461 816 quae

347 856 382 898 ex
413 843 533 898 senatus
562 839 735 898 auctoritate
768 845 945 916 regerentur
978 839 1161 917 provinciae,
1197 855 1394 916 quaecunque
1427 855 1461 898 ex

345 939 489 1000 reditibus
511 957 570 1000 non
595 939 630 999 ad
652 940 746 1017 ipsius
767 941 937 1019 provinciae
952 939 1237 1000 administrationem
1252 939 1459 1019 impenderem

344 1047 408 1110 tur,
433 1040 657 1102 contribuerant
678 1042 707 1101 in
731 1042 877 1102 aerarium
902 1039 1053 1119 pubiicum
1075 1041 1180 1120 populi
1200 1041 1326 1102 Romani
1349 1043 1411 1102 sive
1431 1043 1459 1100 in

344 1143 491 1202 aerarium
522 1142 657 1211 Saturni,
687 1142 766 1220 quod
796 1150 826 1203 et
855 1144 953 1222 ipsum
981 1144 1012 1202 in
1040 1144 1213 1204 auctoritate
1243 1149 1306 1204 crat
1329 1149 1457 1211 senatus,

344 1246 467 1321 eiusque
489 1246 616 1305 instituti
637 1246 769 1305 rationes
790 1246 849 1304 iam
870 1243 986 1305 lacilius
1007 1251 1146 1322 poterant
1168 1243 1204 1304 ad
1228 1251 1344 1305 certum
1367 1261 1457 1321 queu-

343 1345 411 1406 dam
434 1346 554 1407 modum
578 1346 689 1424 redigi,
713 1345 792 1426 quod
815 1363 919 1406 omnes
942 1344 1053 1424 publici
1075 1346 1243 1425 provinciae
1270 1347 1458 1424 magistratus

341 1449 400 1507 iam
423 1466 519 1509 annua
542 1447 726 1527 accipiebant
749 1447 863 1508 salaria.

426 1565 530 1642 Neque
558 1571 656 1626 tamen
679 1565 753 1627 adeo
776 1573 895 1626 senatus
918 1565 1087 1626 auctoritati
1108 1565 1282 1626 adstrictum
1311 1571 1376 1626 erat
1402 1565 1455 1626 boc

340 1668 563 1746 provinciarum
586 1684 697 1745 genus,
728 1673 760 1728 ut
781 1666 897 1727 nullum
918 1669 949 1728 in
972 1668 1008 1726 iis
1031 1675 1111 1727 esset
1131 1669 1290 1747 imperium
1313 1667 1453 1728 Caesaris.

339 1769 473 1829 Primum
497 1769 575 1829 euim
598 1771 675 1830 sicut
699 1788 734 1830 ex
756 1768 852 1829 libero
875 1767 998 1828 arbitrio
1021 1769 1172 1846 Augustus
1199 1771 1316 1829 senatui
1342 1776 1454 1847 partem

338 1872 559 1950 provinciarum
582 1873 772 1949 permiserat,
796 1872 836 1930 ita
861 1889 955 1949 penes
979 1872 1190 1948 imperatorem
1221 1877 1297 1940 erat,
1327 1872 1375 1930 ius
1405 1869 1452 1930 ali·

340 1973 423 2032 cuius
445 1974 614 2051 provinciae
638 1981 752 2034 mutare
777 1979 806 2032 et
828 1974 991 2032 senatorias
1013 1973 1179 2051 provincias
1203 1973 1264 2032 sive
1291 1972 1323 2031 in
1349 1989 1453 2051 perpe·

340 2080 423 2133 tuum
446 2075 506 2134 sive
523 2073 570 2134 'ad
593 2083 715 2153 tempus
739 2076 769 2135 iu
799 2092 920 2134 suarum
947 2075 1166 2152 provinciarum
1194 2091 1352 2134 numerum
1381 2075 1453 2134 reei-

336 2193 419 2254 pere.
465 2175 578 2238 Deinde
605 2177 636 2235 in
664 2177 701 2236 iis
725 2192 843 2253 quoque
872 2176 1045 2255 provinciis,
1076 2193 1151 2252 quae
1178 2177 1342 2254 permissae
1372 2194 1441 2235 eran

339 2279 469 2347 senatui,
494 2295 644 2338 summum
666 2278 856 2356 imperatoris
872 2277 1001 2337 officium
1017 2277 1075 2338 iam
1090 2277 1159 2336 inde
1176 2283 1239 2337 erat
1253 2279 1450 2356 perspicuum,

337 2377 417 2456 quod
441 2381 491 2456 qui
514 2378 678 2440 secundum
702 2380 763 2439 vias
784 2377 920 2456 publicas
943 2379 1097 2438 constituti
1119 2386 1203 2439 erant
1224 2377 1337 2458 lapides
1360 2379 1449 2438 milia·

253 2492 256 2500 ’
337 2480 388 2547 rii,
413 2498 473 2540 non
496 2487 628 2550 senatus,
658 2479 710 2540 sed
738 2480 924 2558 imperatoris
952 2497 1062 2540 nomen
1090 2481 1356 2560 auctoritatemque
1383 2498 1449 2560 prae

261 2609 264 2618 =
337 2599 368 2639 se
401 2579 550 2650 ierebant;
587 2588 650 2642 tum
677 2582 865 2661 imperatoris
893 2581 1014 2641 nomine
1048 2588 1078 2640 et
1104 2599 1158 2660 per
1185 2581 1298 2658 legatos
1325 2583 1447 2662 impera·

336 2682 428 2742 torios
450 2681 583 2744 delectus
605 2682 693 2743 tiebat
715 2684 744 2743 in
767 2685 933 2762 provincia;
963 2684 1034 2743 item
1063 2681 1277 2761 appellationes
1306 2702 1343 2744 ex
1373 2691 1447 2744 utro·

336 2801 394 2861 que
416 2786 635 2863 provinciarum
658 2802 768 2862 genere
795 2784 905 2845 fiebant
932 2783 968 2843 ad
992 2784 1146 2845 Caesarem
1176 2786 1236 2844 sire
1264 2785 1301 2844 ad
1330 2785 1447 2861 eosqui

336 2886 471 2948 Caesaris
499 2888 591 2946 vicem
620 2887 652 2945 in
680 2884 726 2945 lris
754 2877 845 2947 rebus
873 2882 1045 2964 agebanti),
1076 2888 1147 2966 quin
1176 2887 1264 2946 etiam
1292 2886 1444 2948 nonnullae

333 3005 383 3047 res
420 2989 477 3048 nisi
514 2987 649 3050 consulto
685 2989 820 3065 principe
855 2985 1028 3065 proconsuli
1064 3005 1124 3047 non
1161 2993 1245 3047 erant
1279 2989 1442 3066 permissae,

335 3089 463 3169 exempli
490 3091 597 3167 gratia,
632 3091 657 3148 si
685 3092 733 3149 cui
760 3090 858 3167 legato
886 3089 1052 3148 mandatam
1087 3088 1217 3148 adimere
1247 3089 1334 3150 vellet
1361 3089 1440 3149 iuris·

334 3189 493 3250 dictionem
501 3188 539 3270 ⁷),
563 3199 651 3268 atque
674 3192 738 3269 ipse
761 3189 869 3250 Caesar
891 3192 1045 3266 utriusque
1067 3192 1186 3267 generis
1199 3192 1364 3270 provincias
1384 3189 1438 3249 adi-

333 3290 383 3350 bat
404 3290 506 3368 ibique
529 3311 677 3353 summum
702 3291 858 3352 exercebat
881 3289 1084 3371 imperium⁸);
1109 3311 1197 3371 quam
1220 3291 1259 3352 ob
1281 3312 1345 3353 rem
1360 3291 1438 3352 'libe-

333 3394 393 3461 rio,
419 3393 469 3469 qui
490 3393 679 3472 imperatoris
701 3396 763 3454 vice
786 3400 849 3454 turn
871 3394 903 3453 in
925 3392 1018 3453 Gallia
1040 3393 1225 3465 versabatur,
1249 3413 1328 3455 auno
1349 3414 1376 3474 p.
1393 3391 1437 3454 Cb.

335 3500 372 3558 11
396 3495 443 3554 ius
467 3501 530 3556 erat
557 3497 588 3556 in
611 3495 795 3556 Narbonensi
824 3512 942 3573 quoque
972 3515 1006 3555 ex
1037 3513 1153 3556 summo
1180 3497 1307 3576 imperio
1330 3496 1365 3556 de
1386 3494 1437 3554 dis·

400 3782 426 3845 6)
447 3782 522 3836 Suet.
541 3783 638 3834 Octav.
658 3787 699 3836 33.
723 3784 865 3834 Eiusmodi
882 3784 1099 3849 appellationem
1116 3783 1233 3834 relatam
1251 3784 1338 3835 habes
1357 3780 1436 3834 sPli·

332 3868 378 3917 nio
397 3869 426 3917 in
446 3869 526 3934 epist.
545 3870 577 3932 4,
596 3870 642 3918 22:
668 3867 843 3935 appellarant
865 3869 976 3919 seilicet
998 3869 1169 3919 Viennenses
1193 3873 1291 3918 contro
1313 3865 1435 3918 duumviri

332 3953 375 4002 sui
394 3953 512 4006 edietum
530 3953 606 4018 prius
624 3953 825 4018 proconsulem,
845 3954 943 4004 deinde
962 3953 1129 4020 principem,
1149 3954 1195 4018 qui
1211 3953 1338 4004 adhibito
1356 3949 1434 4002 consi-

330 4037 368 4087 lio
387 4053 437 4088 suo
456 4053 517 4088 eam
535 4053 593 4087 rem
611 4038 752 4090 tractavit.

400 4140 425 4204 i)
445 4140 477 4190 L.
497 4141 512 4188 6
531 4141 555 4200 ἕ.
575 4142 588 4188 1
607 4139 674 4205 Dig.
694 4139 726 4189 de
746 4139 791 4190 off.
809 4155 933 4205 procons.

398 4241 424 4304 8)
444 4241 520 4293 Suet.
539 4241 601 4291 Oct.
619 4243 660 4293 47.
701 4243 817 4293 Praesto
842 4246 883 4292 est
906 4243 1058 4308 exemplum
1081 4244 1233 4306 Hadriani,
1258 4242 1293 4293 sd
1317 4242 1389 4293 cuius
1407 4239 1431 4286 in

330 4329 425 4376 nostro
444 4342 550 4390 quoque
568 4327 712 4393 provincia
729 4327 916 4394 praesentiam
937 4328 1037 4378 referri
1058 4328 1147 4392 possit
1168 4328 1312 4394 inscriptio
1335 4344 1392 4394 app.
1408 4338 1430 4371 11·

333 4410 392 4463 386.
