3154 5162
540 460 623 518 PARS
645 461 663 516 l.
708 460 814 518 GAPVT
836 463 878 522 111.
1206 469 1264 530 111

232 626 425 688 Advenerunt
445 627 567 689 interim
589 644 625 687 ea
645 634 789 707 tempora,
814 628 922 706 quibus
942 629 1037 690 civilia
1051 631 1129 692 inter
1144 630 1267 694 Galbam

142 735 178 788 et
206 726 372 798 Vitellium,
408 728 557 788 Vitellium
586 727 693 789 deinde
727 735 756 789 et
785 729 932 792 Othonem
959 730 1037 792 bella
1064 730 1266 796 Narbonensis

142 846 268 906 quoque
290 831 461 909 provinciae
490 829 732 907 tranquillitatem
760 849 816 909 per
843 831 934 893 breve
956 837 1075 910 tempus
1097 833 1263 898 turbarunt.

141 931 185 992 Et
207 930 317 992 Galbae
340 931 460 1009 quidem
482 929 611 992 libenter
634 930 803 993 adhaesisse
824 933 941 994 videtur
963 931 1036 994 haec
1052 933 1162 996 Galliae
1184 954 1264 1015 pars

142 1041 181 1092 ut
203 1035 254 1110 qui
276 1052 335 1094 non
359 1032 457 1094 solum
478 1034 648 1112 provinciae
670 1034 744 1094 lines
758 1033 848 1113 Alpes
870 1052 975 1098 versus
988 1044 1187 1114 promoveret,
1212 1037 1265 1098 sed

146 1136 239 1196 etiarn
267 1142 387 1196 auctore
411 1135 513 1195 Tacito
527 1130 564 1212 ²⁰)
594 1136 777 1196 Viennenses
805 1137 836 1196 in
865 1135 959 1201 multo
986 1136 1102 1200 honore
1129 1137 1262 1209 haberet,

141 1235 367 1298 Viennensibus
390 1256 425 1298 eo
448 1237 588 1314 gratiore,
613 1237 692 1314 quod
715 1237 820 1298 eodem
843 1244 976 1318 tempore
998 1237 1263 1318 Lugudunensium

140 1339 321 1408 vicinorum,
340 1339 391 1415 qui
406 1338 469 1399 acri
483 1336 682 1398 aemulatione
698 1339 882 1400 Viennenses
897 1340 1164 1422 persequebantur,
1182 1361 1262 1404 com-

140 1438 234 1500 moda
256 1437 347 1500 Galba
369 1441 577 1510 imminuerat,
601 1439 690 1508 unde,
713 1439 765 1501 ubi
786 1442 916 1520 primum
940 1441 1056 1503 turbari
1076 1462 1126 1505 res
1148 1446 1180 1505 in
1196 1443 1263 1506 Gal·

140 1541 184 1600 lia
207 1548 379 1622 coeperunt,
403 1547 505 1621 aperta
527 1541 606 1602 inter
628 1540 702 1602 duas
724 1541 855 1603 colonias
878 1549 978 1605 secuta
1000 1552 1070 1605 sunt
1091 1547 1261 1608 certamina.

139 1645 182 1704 At
203 1643 235 1702 in
250 1644 408 1706 Germania
429 1644 552 1705 interim
573 1643 658 1703 initio
681 1645 751 1703 anni
774 1647 814 1710 69
836 1645 999 1724 imperator
1021 1647 1057 1708 ab
1082 1648 1284 1733 exercitibus

140 1743 254 1805 dicitur
275 1747 308 1806 A.
334 1744 469 1806 Vitellius
493 1752 523 1805 et
549 1746 652 1824 paucis
679 1743 785 1805 diebus
807 1753 875 1824 post
896 1746 987 1809 Galba
1009 1747 1130 1825 quidem
1151 1749 1262 1812 Romae

140 1863 182 1906 ex
204 1847 331 1927 imperio
355 1848 472 1916 eicitur,
489 1844 606 1908 Vitellio
625 1854 722 1907 autem
738 1845 815 1908 Otho
838 1850 1068 1926 apraetorianis
1090 1852 1260 1928 opponitur.

140 1947 210 2018 Quo
238 1948 327 2008 modo
355 1949 476 2010 mutatis
502 1947 595 2009 rebus
623 1967 691 2010 oum
718 1949 841 2029 propior
869 1957 949 2010 esset
976 1949 1110 2010 Vitellius
1138 1952 1262 2028 eiusque

139 2067 193 2110 res
215 2051 353 2128 superior
377 2050 540 2119 videretur,
571 2055 601 2110 et
628 2049 788 2111 ulteriores
815 2059 875 2110 tres
903 2051 1073 2129 provinciae
1096 2057 1125 2112 et
1147 2051 1260 2113 Narbo·

139 2152 246 2211 nensis
262 2150 355 2212 Gallia
377 2153 408 2213 iu
426 2150 535 2213 Vitellii
559 2150 649 2212 verba
672 2158 742 2212 sunt
763 2151 892 2220 adactae,
917 2158 1005 2230 atque
1022 2152 1187 2214 Vitellianis
1210 2171 1259 2214 co·

140 2253 202 2332 piis
225 2270 261 2312 ex
283 2253 442 2314 Germania
463 2251 577 2314 ltaliam
602 2271 704 2314 versus
726 2252 918 2314 tendentibus
945 2255 1040 2334 aperti
1063 2260 1148 2314 erant
1170 2253 1260 2315 Galli·

140 2371 246 2413 carum
268 2355 418 2416 civitatum
440 2355 522 2416 lines.
532 2350 568 2432 ²¹)
613 2354 715 2431 ltaque
743 2354 853 2416 Fabius
881 2355 987 2416 Valens
1009 2354 1118 2415 Vitellii
1144 2354 1261 2434 legatus

140 2473 212 2516 cum
233 2456 385 2518 inferioris
407 2456 585 2517 Germaniae
607 2457 786 2526 exereitum,
820 2455 857 2517 ad
885 2457 1079 2534 quadraginta
1108 2457 1188 2518 milia
1211 2477 1258 2519 ar·

138 2563 304 2628 matorum,
328 2576 383 2636 per
406 2558 567 2626 Treveros,
591 2557 844 2628 Mediomatricos,
868 2557 998 2629 Leucus,
1021 2559 1179 2638 Lingones,
1203 2562 1257 2621 Ae·

139 2658 218 2720 duos
231 2656 432 2737 Lugudunum
453 2659 584 2727 duceret,
607 2677 753 2738 nusquam
769 2661 894 2722 infestos
908 2662 1021 2722 invenit
1036 2660 1143 2731 GaHos,
1165 2663 1257 2722 immo

138 2778 246 2840 pacem
261 2767 375 2822 tantum
391 2763 586 2840 deprecantes
601 2767 639 2829 et,
656 2768 689 2821 ut
703 2770 844 2840 pacarent
859 2763 975 2822 seroces
989 2761 1115 2824 militum
1132 2766 1256 2832 animos,

138 2861 178 2923 ad
196 2865 300 2924 omnia
321 2871 450 2943 paratos.
496 2863 578 2934 Quae
606 2880 675 2923 cum
701 2862 810 2939 reliqui
836 2863 995 2924 formidine
1018 2866 1158 2924 commoti
1179 2866 1257 2925 lace·

138 2970 218 3034 rent,
241 2964 476 3044 Lugudunenses
497 2964 624 3024 iniuriae
648 2962 771 3024 aGalba
793 2964 887 3024 laetae
902 2982 1051 3025 memores
1075 2972 1105 3025 et
1126 2983 1178 3044 spe
1195 2966 1256 3024 exi·

138 3065 254 3144 gendae
283 3087 299 3128 a
328 3066 548 3129 Viennensibus
582 3064 703 3126 ultionis
736 3064 805 3124 elati
839 3063 923 3128 laetis
951 3065 1057 3126 animis
1085 3063 1257 3126 Vitellianos

140 3174 339 3247 exceperunt,
362 3169 391 3230 id
415 3176 483 3230 ante
505 3169 603 3229 omnia
627 3172 761 3244 agentes,
783 3169 867 3227 utin
890 3168 1105 3228 Viennensium
1128 3167 1255 3228 eversio·

138 3287 210 3329 nem
233 3277 262 3330 et
284 3269 375 3331 duces
399 3277 428 3330 et
449 3269 559 3331 milites
574 3268 781 3329 accenderent.
826 3269 863 3328 At
885 3266 998 3330 obstitit
1018 3267 1163 3331 eiusmodi
1186 3287 1256 3330 oon·

138 3369 215 3430 siliis
236 3369 320 3432 Fabii
341 3373 476 3444 avaritia,
505 3378 539 3432 ut
566 3372 618 3448 qui
644 3369 829 3430 commodius
850 3375 983 3449 putaret,
1012 3377 1160 3432 terrorem
1188 3390 1256 3450 pro-

138 3471 316 3534 vincialibus
339 3475 492 3535 incussum
514 3475 544 3534 in
573 3490 662 3532 suum
690 3489 779 3532 usum
808 3487 895 3548 quam
918 3473 950 3532 in
971 3471 1096 3534 militum
1119 3471 1257 3534 libidines

139 3582 315 3635 convertere
330 3576 458 3652 ideoque
474 3593 542 3635 cum
555 3575 685 3636 Viennae
700 3574 797 3635 animo
813 3575 1028 3644 satisfecisset,
1043 3572 1124 3636 leuto
1140 3575 1257 3652 agmine
1282 3601 1284 3606 ·

137 3692 194 3754 per
208 3674 382 3755 Allobroges
406 3683 435 3737 et
449 3678 608 3739 Vocontios
631 3678 667 3739 ad
689 3679 838 3740 Cottianas
852 3674 940 3756 Alpes
961 3675 1202 3755 progrederetur,
1227 3684 1257 3735 et

136 3777 281 3838 itinerum
303 3779 395 3856 spatia
419 3784 449 3838 ei
471 3781 642 3840 stativorum
665 3781 844 3840 mutationes
867 3776 1032 3839 civitatibus
1048 3794 1082 3838 ac
1102 3795 1255 3855 possesso-

136 3876 224 3938 ribus
238 3877 402 3939 venditaus.
434 3878 533 3941 Lucus
549 3887 647 3942 autem
663 3882 788 3958 Augusti
803 3881 1023 3947 Vocontiorum,
1041 3895 1109 3939 cum
1130 3877 1253 3948 tardius,

135 3985 171 4041 ut
192 3978 325 4050 videtur,
349 3979 463 4043 incolae
486 3980 569 4043 Fabii
591 3983 744 4060 ingenium
768 3981 989 4061 perspicerent,
1014 3977 1153 4040 incendio
1169 3985 1255 4050 esset

135 4080 264 4150 deletus,
280 4083 338 4142 nisi
352 4089 506 4163 apportata
521 4090 658 4164 prompte
673 4085 800 4164 pecunia
815 4082 953 4146 avaritiae
968 4080 1057 4158 legati
1072 4079 1255 4141 satisfactum

202 4318 247 4384 20)
268 4320 336 4370 Tae.
355 4319 419 4370 hist.
439 4321 466 4380 1,
485 4320 526 4370 65.

201 4405 248 4470 21)
267 4403 341 4458 Ibid.
360 4406 388 4469 1,
408 4405 449 4458 76.
467 4407 496 4467 2,
517 4407 557 4455 13.
