3148 5160
499 477 582 533 PARS
605 477 634 532 ll.
679 477 785 534 CAPVT
808 475 837 533 ll.
905 487 909 496 '
1158 436 1219 543 203

116 641 228 711 luerint,
258 643 401 720 quandam
430 642 569 704 habuisse
598 643 730 722 suffragii
758 642 900 705 lationem
933 663 966 704 66
999 644 1081 726 lege,
1111 652 1143 706 61
1169 647 1221 705 uni

117 736 214 804 curiae'
228 753 306 806 sorte
329 745 435 805 ductae
464 764 551 806 omne
578 746 607 806 id
636 763 731 824 genus
754 746 976 806 attribueretur.
988 742 1036 822 131)
1082 745 1114 806 Si
1137 747 1219 807 deni·

116 861 167 922 que
187 848 367 922 quaerimus,
390 865 463 907 num
492 849 595 924 quiin
618 851 696 926 agris
718 846 928 916 habitaverint,
959 847 1038 908 idem
1066 850 1113 908 ius
1136 867 1220 908 exer-

116 949 222 1006 cuerint
243 954 329 1027 atque
354 947 504 1027 oppidani,
530 948 664 1028 exempla
685 949 805 1029 quidem
820 949 937 1019 desunt,
963 969 997 1009 ex
1021 949 1130 1029 quibus
1146 951 1220 1010 certi
1295 981 1297 986 ,

19 1101 21 1106 .
116 1047 260 1128 quidquam
278 1051 372 1128 possit
389 1053 468 1120 erui,
493 1053 613 1112 omnino
631 1059 728 1112 autem
743 1069 803 1111 non
818 1057 918 1130 potest
933 1051 1077 1120 dubitari,
1102 1053 1173 1130 quin
1189 1053 1220 1111 in

19 1143 21 1162 ²
116 1150 241 1212 omnibus
262 1152 300 1211 iis
321 1150 429 1222 rebus,
454 1171 529 1233 quae
552 1153 586 1214 ad
611 1155 781 1214 universum
804 1155 989 1214 territorium
1010 1155 1219 1232 pertinuerint,

115 1251 243 1326 quamdiu
265 1255 342 1314 iusta
366 1255 481 1315 comitia
506 1262 603 1324 erant,
634 1255 795 1316 discrimen
823 1275 882 1316 non
912 1257 1002 1316 luerit
1028 1257 1107 1315 inter
1136 1257 1219 1334 oppi-

91 1350 196 1412 616666
218 1361 247 1413 61
267 1357 404 1416 rusticos
451 1356 560 1417 Contra
588 1359 619 1416 in
647 1358 684 1416 iis
711 1356 816 1426 rebus,
846 1357 898 1418 ubi
927 1357 1104 1436 oppidorum
1127 1356 1219 1416 admi·

112 1454 237 1515 nistratio
259 1465 394 1537 separata
418 1465 481 1518 erat
503 1475 518 1518 a
541 1460 672 1518 vicorum
695 1458 799 1530 rebuS,
826 1457 899 1519 illud
922 1458 1083 1519 discrimen
1105 1458 1221 1519 videtur

112 1555 317 1619 intercessisse.
363 1557 465 1636 ltaque
488 1559 540 1619 ubi
563 1558 612 1619 alii
639 1562 759 1638 patroni
783 1568 867 1620 erant
889 1560 1081 1640 oppidorum,
1106 1559 1155 1620 alii
1177 1561 1219 1618 vi-

113 1669 205 1718 corum
226 1677 445 1738 pagorumque‚
470 1660 616 1721 honorem
638 1666 764 1740 patrono
792 1662 895 1741 oppidi
922 1661 1025 1722 haberi
1048 1660 1221 1721 videmusa

108 1759 187 1832 plebe
207 1763 325 1822 orbona
349 1761 387 1844 (n.
413 1751 494 1842 388).
859 1743 863 1758 ⁸

394 2009 426 2062 4.
470 2007 519 2062 De
546 2007 666 2062 ordine
694 2005 928 2062 decurionum.

187 2168 228 2229 lle
250 2168 366 2230 bonore
389 2177 419 2230 61
441 2170 616 2230 condicione
639 2171 834 2232 decurionum
866 2177 1021 2249 postquam
1047 2187 1137 2248 supra
1161 2171 1220 2247 egi·

110 2287 184 2338 mus,
207 2278 302 2332 restat
327 2278 357 2331 ot
379 2271 562 2333 disseramus
585 2272 621 2332 de
644 2273 740 2333 lorma
762 2270 881 2350 legendi
904 2272 1017 2332 ordinis
1040 2291 1074 2333 ac
1096 2272 1133 2332 de
1155 2290 1221 2332 mu·

110 2370 224 2432 neribus
246 2373 436 2450 negotiisque
464 2375 574 2435 curiae.
621 2375 658 2434 Et
679 2374 873 2434 decurionum
904 2372 1127 2453 municipalium
1148 2391 1221 2450 quo·

110 2487 162 2546 qne
183 2473 320 2535 ordinem
343 2473 433 2533 simili
461 2476 548 2536 modo
580 2495 614 2535 ac
641 2483 777 2538 senatum
805 2475 952 2536 urbanum
976 2477 1079 2552 quinto
1103 2493 1221 2553 quoque

110 2589 179 2634 anno
201 2573 341 2637 lectum
366 2593 447 2635 esse
475 2577 536 2636 sive
565 2596 580 2635 a
604 2580 728 2638 summis
751 2579 896 2655 cuiusque
919 2577 1020 2656 oppidi
1044 2579 1221 2656 magistrati·

108 2672 159 2736 bus
174 2677 349 2746 ordinariis,
371 2678 431 2737 sive
448 2677 514 2746 ubi,
538 2679 614 2738 sicot
631 2678 770 2740 Narbone
787 2687 816 2739 et
834 2677 965 2748 Arelate,
985 2678 1222 2756 quinquennales

109 2785 200 2847 erant,
223 2797 239 2840 a
264 2777 549 2856 quinquennalibus
580 2780 714 2840 videmus
743 2781 865 2858 exlege
889 2781 960 2841 lolia
984 2776 1221 2858 municipali¹³²),

109 2893 178 2952 quae
199 2878 389 2958 praescribit,
414 2882 585 2958 quicunque
607 2883 637 2941 in
653 2883 832 2960 municipiis,
856 2881 989 2950 coloniis,
1013 2882 1220 2959 praelectoris,

106 2979 183 3050 forie,
206 2966 415 3042 conciliabulis
431 2983 539 3042 civium
555 2981 755 3043 Rornanorum
779 2983 883 3050 llviri‚
907 2980 1022 3040 llllviri
1045 2983 1137 3041 futuri
1153 2983 1220 3049 sint,

107 3084 227 3158 nequis
251 3101 357 3143 eorum
381 3099 471 3159 quem
497 3083 685 3144 incenatum
712 3082 791 3162 legat
820 3098 894 3142 neve
917 3080 1052 3160 sublegat
1074 3099 1148 3142 neve
1172 3101 1221 3142 co-

105 3190 183 3262 optet
203 3203 281 3244 neve
305 3184 490 3245 recitandum
514 3191 598 3245 curet
620 3187 677 3245 nisi
698 3187 729 3245 in
752 3185 900 3245 demortui
923 3183 1089 3244 damnative
1111 3183 1219 3244 locum.

107 3283 186 3355 Quod
209 3286 327 3347 ordinis
349 3305 366 3346 a
388 3288 562 3363 magistratu
585 3285 703 3364 legendi
719 3288 887 3346 institutum
909 3304 968 3345 non
993 3293 1038 3345 661
1060 3286 1139 3362 quod
1162 3305 1222 3346 non

105 3385 137 3446 ad
164 3387 269 3449 Latina
300 3405 419 3464 quoque
448 3388 557 3466 oppida
591 3389 820 3458 transferamus,
857 3405 956 3464 neque
986 3389 1080 3465 magis
1108 3387 1221 3456 dubito,

106 3489 173 3565 quin
194 3489 336 3550 omnibus
359 3489 476 3568 oppidis
499 3489 599 3550 ltalico
628 3489 717 3549 modo
746 3490 912 3551 constitutis
942 3507 1099 3549 commune
1122 3490 1221 3557 luerit,

104 3596 134 3649 61
155 3593 206 3667 qui
227 3591 348 3668 legeret
370 3591 562 3659 decuriones,
586 3593 684 3669 primo
706 3590 771 3650 loco
794 3592 937 3651 rationem
961 3589 1085 3650 haberet
1108 3609 1222 3660 eorum,

105 3692 153 3766 qui
172 3692 292 3753 bonore
315 3692 413 3770 aliquo
436 3693 529 3752 iuncti
552 3687 704 3770 e1aot¹³³),
729 3692 858 3752 secundo
881 3691 946 3752 loco
969 3691 1165 3751 descenderet
1187 3692 1223 3752 ad

104 3810 161 3862 eos,
186 3796 237 3871 qui
261 3793 345 3855 nullo
369 3793 483 3854 honore
506 3794 600 3855 iuncti
623 3812 714 3855 censu
730 3801 848 3855 centum
867 3793 981 3854 milium
1005 3795 1221 3863 sestertiorum,

103 3892 300 3971 ingenuitate,
324 3897 448 3972 origine,
473 3891 642 3972 aetate¹³·²),
667 3903 808 3972 quaestu,
832 3894 966 3955 moribus
988 3893 1069 3972 digni
1091 3892 1148 3952 boc
1169 3893 1222 3952 bo·

169 4081 228 4145 131)
251 4080 311 4131 Cir.
330 4067 493 4140 Mommsen,
514 4079 615 4130 Stodtr.
634 4097 661 4146 p.
680 4082 729 4132 401
748 4097 788 4144 sq.

169 4164 228 4230 132)
250 4165 323 4216 Tab.
341 4163 455 4214 Hercei.
474 4181 500 4217 v.
519 4166 552 4215 83
565 4179 604 4229 sq.

168 4250 229 4313 133)
250 4249 311 4300 Ofr.
331 4265 394 4315 app.
413 4265 440 4299 n.
461 4251 522 4300 1456
542 4256 663 4315 quaestor
675 4256 700 4299 et
712 4251 824 4300 decurio.

167 4333 229 4401 134)
250 4334 286 4384 In
304 4337 401 4384 nostra
419 4348 525 4398 quoque
544 4334 687 4400 provincio
705 4333 847 4384 suffecisse
870 4332 964 4398 utique
984 4335 1105 4383 aetatem
1123 4333 1224 4400 viginti

102 4419 222 4483 quinque
242 4433 379 4469 annorum
397 4419 498 4484 probat
516 4419 660 4484 inscriptio
679 4423 773 4470 nostra
792 4434 817 4470 n.
837 4419 894 4467 112.

150 4534 276 4587 Herzog,
293 4532 378 4574 daniae
391 4532 456 4576 nat-n
470 4534 522 4573 661.
986 4511 1024 4569 14
