3148 5160
488 455 572 512 PARS
594 455 624 512 ll.
667 455 773 512 tnrvr
796 457 827 513 ll.
1160 461 1220 520 175

22 603 24 680 s
114 622 169 681 sire
189 622 353 700 peregrini,
383 623 433 698 qui
456 639 526 682 vero
550 613 683 682 coloniae¹
712 622 791 682 cives
814 629 898 692 sunt,
928 623 1094 683 accuratius
1117 622 1220 682 dieun-

114 727 158 782 tur
178 722 273 783 coloni
303 726 379 804 (app.
406 730 434 788 1.
460 729 509 790 13.
534 729 574 790 87
597 722 730 802 passim).
778 723 860 794 Quae
889 723 947 784 duo
975 741 1085 800 genera
1113 725 1220 784 civium

113 825 168 884 sive
188 825 369 903 municipum
393 825 454 886 sive
476 824 652 886 colonorum
676 832 706 885 et
727 823 892 886 incolarum
915 827 976 885 sive
991 811 1219 903 peregrinorum

112 929 186 984 recte
207 922 387 1005 dixerunt54)
416 935 474 987 tam
504 915 643 987 distincte
664 929 744 987 inter
766 945 799 988 se
821 927 970 1006 separari,
1001 933 1034 987 ut
1062 945 1220 987 commune

112 1028 235 1087 omnium
263 1029 314 1104 qui
341 1029 371 1087 in
399 1044 517 1106 quaque
545 1030 662 1088 civitate
691 1027 872 1089 domicilium
894 1028 1005 1090 hahent
1026 1047 1136 1090 nomen
1159 1046 1219 1088 non

112 1136 183 1188 extet
204 1131 255 1190 sed
277 1147 402 1190 necesse
425 1131 463 1189 sit
491 1139 541 1190 aut
563 1130 717 1209 municeps
745 1132 806 1190 sive
834 1131 905 1190 civis
934 1132 994 1192 sive
1023 1129 1145 1191 colonus
1168 1149 1218 1208 ap-

111 1229 228 1306 pelletur
255 1231 361 1308 aliquis
389 1237 440 1292 aut
466 1231 573 1292 incola.
625 1230 700 1292 luris
728 1238 826 1291 autem
854 1233 969 1292 ratione
1002 1230 1076 1293 haec
1109 1249 1219 1309 genera

110 1331 144 1390 ita
165 1331 401 1410 distinguuntur,
426 1341 459 1393 ut
480 1333 599 1412 plenam
623 1333 743 1409 quidem
766 1334 913 1394 civitatem
934 1336 965 1394 in
988 1334 1087 1410 aliquo
1110 1334 1219 1412 oppido

109 1436 240 1494 nonnisi
262 1434 370 1495 haheat
392 1436 456 1495 eius
479 1435 581 1515 oppidi
603 1437 767 1514 municeps,
791 1434 889 1495 incola
904 1444 989 1514 parte
1011 1442 1127 1496 tanturn
1150 1436 1218 1496 civi·

110 1536 169 1594 latis
190 1544 299 1598 ulatur.
322 1570 366 1580 -—
389 1536 425 1596 Ut
448 1537 486 1596 sit
500 1538 656 1616 municeps
672 1537 787 1616 aliquis,
811 1544 862 1598 aut
884 1537 952 1597 talis
968 1544 1056 1598 natus
1078 1539 1116 1597 sit
1131 1556 1218 1616 opor-

109 1643 146 1695 tet
171 1645 220 1697 aut
247 1639 358 1706 factus3
398 1655 487 1715 quem
521 1646 620 1700 autem
653 1641 840 1718 municipem·
869 1639 958 1698 eflicit
990 1641 1125 1700 nativitas
1158 1640 1219 1700 sive

109 1738 202 1824 origo.
227 1758 288 1800 non
315 1745 414 1819 potest
442 1758 503 1800 non
531 1759 597 1801 esse
624 1743 793 1820 municeps,
829 1759 897 1801 cum
926 1759 962 1800 ex
991 1743 1107 1818 origine
1129 1759 1218 1801 nemo

108 1842 192 1918 possit
215 1841 366 1903 voluntate
389 1861 442 1902 sua
465 1840 608 1920 eximi⁵⁵l
653 1842 738 1913 Quod
761 1843 883 1919 originis
904 1843 952 1902 ius
978 1844 1003 1902 si
1026 1845 1092 1919 quis
1115 1843 1217 1902 nativi-

109 1947 162 2001 tate
182 1961 242 2004 non
266 1943 364 2012 habet,
388 1951 487 2022 potest
509 1944 545 2004 ad
568 1961 634 2003 eum
656 1944 814 2004 transferri
836 1949 886 2004 aut
907 1944 973 2002 iure
989 1943 1086 2004 coloni
1109 1961 1144 2002 eo
1167 1942 1218 2002 de-

108 2041 182 2103 ducti
201 2053 252 2106 aut
275 2044 431 2105 allectione
454 2047 533 2106 inter
556 2047 634 2105 cives
656 2051 707 2104 aut
729 2043 888 2122 adoptione
910 2051 961 2104 aut
974 2045 1216 2104 manumissione.

109 2143 183 2206 Unde
204 2149 412 2225 consequitur,
441 2147 550 2225 triplex
572 2165 665 2224 genus
687 2164 754 2206 esse
777 2153 930 2206 auctorum
953 2147 1078 2205 civitatis
1100 2148 1130 2204 in
1153 2126 1217 2204 inu-

108 2247 210 2326 nicipio
232 2249 333 2328 aliquo
356 2247 573 2328 adipiscendae,
597 2252 800 2324 imperatores,
824 2249 874 2324 qui
896 2249 927 2307 in
943 2264 1031 2324 quem
1049 2241 1155 2306 locum¹
1169 2253 1220 2306 aut
1251 2273 1256 2281 ·

22 2367 24 2370 ·
109 2347 238 2425 singulos·
247 2356 405 2412 veteranos
420 2358 471 2411 aut
484 2352 627 2411 maiorem
645 2349 820 2410 colonorum
836 2367 994 2410 numerum
1011 2348 1161 2409 deducunt
1169 2344 1217 2426 56),

108 2465 158 2524 qua
178 2451 241 2530 ipsa
264 2451 444 2513 deductione
467 2451 566 2512 coloni
588 2450 705 2530 plenam
734 2452 887 2531 municipii
910 2451 1057 2512 civitatem
1079 2449 1216 2519 habeant,

102 2557 237 2626 populum
266 2557 424 2629 municipii
450 2556 511 2614 sive
540 2541 591 2630 qui
619 2572 675 2633 pro
704 2553 815 2633 populo
844 2553 977 2630 suffragii
1005 2554 1050 2613 ius
1078 2558 1219 2613 exercent

106 2650 253 2715 allectione
277 2653 510 2733 alienigenarum
533 2658 612 2716 inter
635 2658 729 2724 cives,
758 2657 890 2716 homines
913 2658 1051 2731 privatos
1072 2661 1122 2714 aut
1147 2653 1217 2714 ado-

105 2755 197 2830 ptione
219 2765 272 2818 aut
295 2759 538 2818 manumissione.
584 2757 641 2828 Qui
671 2758 749 2818 enim
780 2757 936 2835 adoptatur
959 2774 974 2815 a
997 2762 1082 2835 patre
1105 2754 1218 2814 alienae

106 2857 236 2929 civitatis
268 2878 305 2919 ex
333 2878 386 2920 sua
415 2860 529 2936 origine
558 2878 596 2921 ne
623 2861 648 2919 is
676 2857 795 2936 quidem
825 2858 978 2925 eximitur,
1003 2856 1055 2916 sed
1078 2855 1217 2932 quamdiu

105 2975 158 3020 non
180 2962 400 3040 emancipatur,
429 2961 555 3024 duarum
578 2963 728 3022 civitatum
751 2961 822 3018 civis
844 2959 890 3027 sn,
915 2959 993 3025 eius,
1018 2975 1054 3014 ex
1077 2974 1135 3034 qua
1158 2957 1217 3014 ori·

104 3061 195 3136 ginem
222 3063 315 3124 traxit
342 3069 372 3122 et
400 3064 479 3132 eius,
511 3063 596 3124 ouius
624 3069 669 3122 est
696 3067 781 3140 pater
808 3053 1015 3137 adoptivusffl)
1061 3057 1117 3127 Qui
1148 3073 1217 3114 vero

105 3307 217 3365 emanat,
238 3305 425 3366 exposuerunt
443 3299 575 3364 Savigny,
595 3298 703 3362 Syetem
721 3298 769 3348 des
787 3311 871 3348 roem.
882 3294 987 3346 Rechts
1004 3292 1023 3343 l.
1042 3291 1059 3342 8
1076 3309 1102 3359 p.
1116 3293 1216 3344 38—89

104 3388 130 3433 et
144 3385 233 3450 Kuhn‚
252 3385 387 3450 Beitr'dge
406 3400 454 3435 zur
471 3385 646 3449 Verfassung
664 3384 712 3433 des
730 3397 813 3432 roem.
832 3381 935 3431 Reiehs
951 3394 978 3443 p.
992 3380 1005 3427 1
1019 3392 1080 3442 sqq.
1116 3377 1147 3428 Si
1164 3378 1216 3428 hoe

26 3497 31 3508 ·
104 3467 166 3529 loco,
184 3486 257 3535 quae
276 3469 311 3520 de
329 3470 383 3520 hac
402 3470 564 3534 quaestione
577 3469 773 3533 inscriptiones
785 3469 896 3516 nostrae
915 3465 1034 3514 doceant
1052 3461 1216 3528 colligimus,

103 3568 184 3618 neque
202 3561 329 3607 nostrum
348 3570 409 3604 esee
427 3559 569 3619 putamus,
587 3554 660 3603 hanc
677 3568 735 3602 rem
754 3568 788 3601 ex
806 3551 880 3602 omni
897 3555 977 3615 parte
996 3546 1151 3610 absolvere,
1169 3563 1217 3596 ne-

104 3651 150 3700 que
167 3641 278 3690 omnino
299 3639 439 3689 abstinere
457 3654 602 3704 possumus
621 3654 638 3687 a
655 3635 804 3687 tractanda
821 3636 928 3685 ratione
948 3632 1080 3699 generali.

163 3723 206 3788 54)
224 3722 347 3776 Kuhnl.
365 3740 388 3774 c.
407 3739 434 3788 p.
455 3726 478 3773 7.

163 3809 206 3875 55)
226 3812 260 3862 L.
282 3811 299 3858 4
317 3807 383 3858 Ood.
402 3807 471 3858 Ιυιι.
489 3807 640 3859 demonic.
661 3811 689 3856 et
707 3806 776 3869 orig.
797 3803 850 3869 (10,
869 3803 923 3868 38).

162 3895 205 3957 56)
225 3889 286 3946 Cir.
304 3893 420 3944 Heuzen
439 3908 466 3943 n.
484 3895 565 3955 6990,
589 3892 637 3941 ubi
656 3890 791 3941 eiusmodi
809 3889 923 3940 colonus
940 3889 1043 3938 dicitur
1060 3889 1174 3938 adiectae
1190 3888 1216 3935 in

102 3981 217 4029 coloniam
232 3980 498 4043 Caesaraupoatanam
510 3994 545 4027 ecc
556 3977 677 4039 beneficio
690 3977 748 4025 Diui
760 3975 899 4026 Hadriani.

163 4063 206 4128 57)
224 4065 259 4114 L.
271 4063 304 4113 15
314 4065 337 4124 ξ.
348 4066 363 4113 3
375 4062 410 4112 ad
419 4062 532 4113 munic:
546 4067 584 4111 tua
596 4063 703 4126 oripinia
713 4063 740 4109 in
753 4059 889 4110 lwnorilrue
901 4059 1024 4108 obeundis
1032 4073 1063 4107 ac
1074 4056 1216 4106 muneribus

101 4151 266 4213 recipiendia
283 4149 423 4212 adoptione
439 4163 489 4197 non
505 4153 627 4206 mutatur,
648 4148 697 4196 aed
717 4147 788 4194 novis
808 4160 906 4209 quoque
924 4143 1067 4192 muneribus
1083 4143 1152 4203 filius
1165 4156 1216 4204 per

102 4233 241 4296 adoptivum
251 4241 355 4297 patrem
368 4234 551 4297 adstringitur,
568 4231 587 4280 l.
607 4231 652 4280 16:
669 4231 718 4280 sed
732 4231 756 4278 ei
767 4229 942 4292 emancipatur
953 4227 985 4276 ab
998 4226 1118 4289 adoptivo
1128 4232 1214 4288 putre,

102 4331 146 4366 non
161 4324 258 4368 tantuna
272 4319 352 4380 filine,
377 4319 426 4367 aed
436 4317 511 4366 etiam
522 4319 584 4366 civia
601 4317 654 4365 ciue
663 4315 784 4372 civitatee,
802 4315 872 4362 cuiue
882 4327 931 4376 per
943 4311 1105 4374 adoptionem
1115 4309 1214 4373 fuerat,

99 4401 247 4462 succinente
262 4405 364 4452 decinit.
1070 4387 1072 4392 ¹
