3124 5168
362 488 382 549 2
772 484 882 542 NARBt]
904 483 1055 541 llllli'llVS.

272 672 276 680 ’
362 671 456 715 sonne
480 651 613 734 syllogen
636 651 863 731 inscriptionum
880 650 1118 712 Narbonensium
1141 650 1213 712 vidit
1234 651 1401 712 contectam
1422 651 1471 710 ini-

362 757 402 816 tio
426 756 490 816 lere
512 753 623 816 saeculi
646 752 754 814 decimi
776 753 871 814 octav-i
894 753 930 814 ab
952 752 1134 833 Hieronymo
1150 752 1252 823 Laion,
1277 753 1472 813 continentem

361 856 465 918 titulos
487 857 691 936 septingentos
720 855 946 934 quinquaginta:
976 861 1006 916 at
1032 874 1071 915 ne
1100 855 1177 916 banc
1205 854 1324 932 quidem
1352 855 1472 914 cum-in

360 957 411 1019 illa
433 957 612 1019 bibliotheca
634 974 810 1034 quaererem
833 957 941 1018 inveni.
987 957 1029 1018 Ex
1060 955 1183 1034 reliquis
1212 956 1357 1018 eiusmodi
1383 955 1471 1022 libris,

361 1077 436 1138 quos
457 1060 549 1121 lilillin
571 1061 698 1128 invenit,
722 1065 888 1120 memoratu
911 1057 1101 1136 dignissimus
1123 1058 1240 1120 videtur
1261 1061 1300 1128 is,
1330 1075 1421 1136 quem
1442 1075 1472 1116 er

360 1163 434 1241 ipsis
456 1162 658 1222 monumentis
680 1160 736 1221 sub
758 1161 846 1222 finem
870 1159 980 1221 saeculi
1002 1160 1110 1221 decimi
1131 1161 1226 1221 octavi
1252 1160 1394 1240 excripsit
1415 1159 1472 1236 qui·

362 1263 429 1324 dam
452 1265 575 1342 Viguier
597 1262 807 1324 Narbonensis.
845 1261 971 1324 Maxime
995 1281 1064 1323 vero
1087 1261 1247 1324 dolendum
1271 1269 1324 1331 est,
1344 1260 1429 1340 ‘quod
1444 1278 1472 1320 ea

259 1395 261 1400 ·
361 1364 488 1444 sylloge,
513 1383 600 1442 quam
624 1383 659 1424 ex
682 1363 728 1424 bis
750 1362 883 1424 lontibus
904 1365 969 1443 ipse
991 1363 1083 1426 Millin
1106 1365 1231 1433 iecerat,
1254 1370 1288 1426 ut
1310 1364 1405 1425 reiert
1424 1364 1471 1423 Ar·

361 1466 441 1536 taud,
465 1466 601 1527 incendio
625 1464 822 1528 bibliothecae
844 1463 1021 1527 blillinianae
1043 1468 1132 1545 periit
1161 1465 1282 1547 (Mittin,
1309 1467 1426 1545 Vopage
1447 1470 1472 1532 t.

362 1570 550 1636 382-387.
580 1567 689 1628 Artaud
713 1568 743 1627 iu
765 1565 924 1628 Memoires
952 1565 992 1626 de¹
1017 1566 1044 1627 la
1071 1567 1188 1628 Societe
1216 1567 1269 1628 des
1290 1568 1473 1644 Antiquaires
1499 1602 1500 1606 =

361 1670 398 1729 de
420 1668 447 1729 la
470 1670 583 1730 Franco
608 1675 626 1729 t.
652 1669 710 1729 Vll.
735 1687 763 1747 p.
789 1667 877 1745 255).
923 1668 995 1729 llibi
1023 1669 1157 1746 qriidem,
1189 1688 1257 1731 cum
1285 1687 1381 1730 essem
1406 1667 1471 1730 Nar·

360 1770 449 1841 bone,
475 1790 511 1833 ex
534 1769 671 1832 omnibus
693 1768 751 1830 illis
772 1768 856 1831 libris
879 1789 938 1830 non
961 1773 1084 1850 contigit
1105 1771 1205 1833 videre
1234 1773 1291 1832 uisi
1313 1771 1471 1832 manuscri-

359 1880 445 1954 ptum
468 1874 635 1935 coniectum
663 1869 700 1932 ab
728 1871 834 1934 abbate
862 1872 1025 1949 bosquetio
1053 1873 1212 1952 (defuncto
1235 1893 1259 1934 a.
1285 1870 1401 1950 1809).
1428 1873 1473 1949 qui

360 1974 449 2036 bodie
472 1981 552 2036 extat
566 1976 596 2034 iu
612 1971 790 2034 bibliotheca
805 1973 993 2034 Narbonensi
1016 1982 1045 2035 et
1059 1976 1169 2053 insigni
1184 1993 1289 2035 eorum
1304 1975 1356 2053 qui
1370 1972 1471 2034 biblio·

358 2076 463 2138 tbecae
491 2081 634 2158 praesunt
668 2075 805 2135 comitate
838 2073 910 2134 mibi
944 2082 977 2135 ut
1005 2075 1190 2137 ascriberem
1222 2077 1390 2156 permissus
1423 2082 1471 2135 est

359 2180 499 2241 Ceterum
515 2177 646 2255 Rosquet
667 2178 697 2236 in
719 2176 904 2256 praefatione
926 2175 1005 2247 dicit,
1029 2195 1062 2238 se
1085 2196 1144 2238 non
1168 2183 1225 2238 tam
1242 2177 1276 2238 ad
1292 2179 1355 2256 ipsa
1371 2194 1472 2238 mouu-

359 2287 460 2341 menta
482 2279 659 2350 recurrisse,
684 2297 770 2357 quarn
795 2279 973 2357 excripsisse
989 2279 1214 2358 Garriguesium
1229 2278 1433 2356 Latonamque
1448 2284 1473 2336 et

359 2381 469 2442 librurn
499 2381 653 2443 cuiusdam
674 2379 854 2442 Renouardi.
900 2380 975 2440 Noto
1004 2388 1172 2460 praeterea,
1204 2381 1376 2460 Scipionem
1404 2379 1470 2440 blai-

360 2483 453 2544 ieium
476 2499 595 2561 quoque
618 2483 830 2550 veronensem,
854 2500 922 2568 pum
946 2481 1068 2544 Galliam
1092 2483 1209 2552 viseret,
1234 2482 1368 2543 adiutum
1392 2481 1471 2542 aSe·

360 2585 476 2663 guierio
499 2603 535 2644 ex
557 2583 630 2663 ipsis
652 2585 746 2645 muris
769 2584 912 2644 maiorem
934 2585 1161 2662 inscriptionum
1182 2603 1341 2645 numerum
1365 2583 1471 2644 descri-

358 2687 469 2766 psisse,
499 2703 624 2764 quarum
651 2691 766 2765 partem
796 2684 889 2745 edidit
916 2687 947 2746 in
967 2686 1197 2765 Antiquitatibus
1220 2684 1330 2746 Galliae
1361 2685 1473 2745 selectis

361 2789 421 2868 (nn.
447 2791 581 2853 14-23
604 2788 657 2847 cir.
683 2804 759 2864 quae
787 2785 857 2847 dicit
879 2786 948 2848 ibid.
972 2806 1001 2866 p.
1027 2787 1093 2866 31).
1126 2821 1160 2832 —
1192 2787 1310 2866 Optime
1340 2803 1415 2848 vero
1440 2784 1473 2846 de

359 2891 474 2970 patriae
496 2907 566 2950 suae
582 2889 784 2950 monumentis
799 2897 953 2950 merentur
969 2887 1157 2968 archaeologi
1172 2888 1395 2958 Narbonenses,
1415 2888 1472 2966 qut,

359 2996 515 3070 postquam
538 3007 616 3052 anno
641 2993 723 3056 1833
745 2991 775 3049 in
799 2991 971 3052 societatem
995 2991 1145 3060 coierunt,
1170 3009 1229 3051 non
1246 2989 1344 3052 solum
1360 2992 1387 3051 si
1402 3005 1473 3068 quac

357 3109 412 3172 per
433 3090 540 3154 urbem
563 3090 697 3170 dispersa
719 3092 874 3152 inveniunt
896 3111 929 3153 ea
952 3091 1109 3170 colligunt,
1141 3092 1193 3152 sed
1216 3094 1305 3154 etiam
1330 3099 1473 3174 quatenus

357 3199 493 3272 possunt,
517 3191 632 3271 lapides
653 3193 815 3272 inscriptos
838 3211 873 3253 ex
888 3192 1044 3255 moenibus
1061 3193 1230 3256 extrahunt.
1270 3194 1356 3256 Unde
1378 3195 1410 3256 in
1425 3210 1472 3253 cu-

358 3295 402 3354 ria
425 3293 508 3354 urbis
531 3293 631 3366 (acret
649 3295 688 3354 de
716 3296 815 3370 Viae),
839 3311 913 3371 quae
936 3294 1006 3356 olim
1028 3295 1126 3356 iuerat
1147 3295 1254 3357 domus
1277 3295 1471 3376 archiepisco·

357 3392 446 3474 palis,
471 3395 663 3457 constitutum
688 3402 734 3460 est
755 3393 885 3474 arnplurn
908 3414 1045 3458 muscum
1070 3397 1216 3478 lapidibus
1243 3399 1283 3459 ita
1311 3397 1472 3478 dispositis,

359 3503 391 3557 ut
413 3515 483 3576 pars
505 3495 626 3558 bortum
649 3499 750 3558 curiae
774 3503 869 3566 ornet,
894 3515 963 3576 pars
985 3498 1016 3558 in
1038 3498 1103 3579 ipsa
1125 3500 1207 3560 curia
1231 3506 1412 3561 asservetur.
1462 3516 1465 3524 ’
1503 3504 1509 3532 ·'

444 3678 466 3730 1.
492 3669 635 3745 Inscriptio
647 3670 720 3745 cippi
735 3672 879 3728 marmorei
895 3672 997 3746 reperti
1013 3690 1036 3728 a.
1054 3673 1120 3726 1566
1135 3672 1206 3728 inter
1221 3673 1319 3728 rudera
1335 3687 1472 3756 murorum

357 3762 480 3831 veterum
495 3773 582 3831 prope
597 3763 704 3831 portam
721 3772 790 3830 quae
805 3764 918 3814 vocatur
932 3758 961 3812 io
972 3761 1057 3830 porte
1072 3759 1186 3828 repete·
1202 3774 1274 3814 nunc
1288 3766 1364 3814 extat
1381 3760 1407 3814 in
1419 3772 1473 3811 mu·

358 3857 414 3897 seo.
447 3840 502 3897 Una
518 3857 581 3914 pars
597 3840 670 3896 tituli
687 3841 816 3916 inscripta
832 3849 875 3897 est
890 3842 917 3896 in
933 3849 1011 3916 parte
1030 3843 1132 3905 antica,
1154 3841 1240 3899 altera
1262 3844 1289 3898 tn
1310 3859 1368 3899 uno
1385 3842 1471 3900 latere.

356 3921 479 3983 summus
494 3933 583 3982 autem
599 3925 695 4000 cippus
710 3926 831 4000 paullum
846 3927 973 3984 attractus
988 3934 1039 3984 est.
1276 3925 1279 3933 ’

660 4076 684 4138 Ι.
725 4075 892 4154 hecriptio
912 4076 1011 4155 partie
1033 4075 1167 4140 naticae.

219 4238 241 4279 p.
257 4227 295 4270 on.
310 4229 342 4272 n.
441 4210 475 4270 T.
500 4208 615 4272 Statilio
638 4209 738 4270 Tauro
761 4207 765 4290 Ι
790 4209 822 4271 L.
847 4212 947 4274 Cassio
970 4212 1104 4291 Longino
1129 4211 1131 4292 l
1157 4232 1215 4276 cos.
1246 4217 1279 4273 X.
1309 4206 1471 4293 lr(alendas)

358 4309 538 4394 OeTobr(es)
565 4309 568 4391 Ι
593 4312 707 4373 numini
734 4314 860 4391 Augusti
883 4315 994 4376 voTum
1021 4311 1024 4396 l
1048 4323 1219 4395 susceptum
1249 4312 1380 4392 a‘pleb'e
1403 4313 1472 4375 Nar-

324 4407 542 4487 abolnensium
563 4414 594 4474 in
615 4422 808 4494 perpetuom:
835 4412 838 4492 Ι
