3154 5162
334 451 375 514 94
726 447 810 506 PARS
832 449 851 504 l.
894 445 1000 506 CAPV'l
1022 448 1054 505 ll.

255 611 261 622 '
333 615 491 695 Angustus.
537 615 670 677 Vidimus
693 632 729 676 ex
751 616 897 685 nummis,
927 613 984 677 sub
1006 614 1165 678 Octaviano
1193 631 1313 693 quoqne
1336 615 1448 675 Vien·
1564 661 1566 686 ἐ

332 735 470 780 nenses
492 718 558 780 iure
580 715 656 778 Latii
677 735 747 778 usos
770 737 851 788 esse,
873 717 954 797 quod
976 736 993 780 a
1016 717 1141 779 Caesare
1162 723 1355 796 acceperant,
1379 735 1450 778 con·
1565 747 1566 760 ,

332 828 379 881 tra
410 820 488 900 apud
517 819 646 881 Plinium
673 820 816 890 vidimus,
850 819 996 880 coloniam
1026 820 1132 880 civium
1160 818 1363 882 Romanorum
1394 817 1450 879 snb

331 926 465 1000 Augusto
487 921 630 984 fuissem
653 921 809 1001 oppidum:
839 922 962 982 mutavit
982 921 1072 998 igitur
1094 925 1202 981 statum
1231 921 1295 981 eius
1317 918 1450 981 coloniae

331 1026 481 1102 Augustus
502 1031 592 1102 atque
614 1023 748 1086 mutandi
770 1025 886 1086 occasio
907 1024 979 1084 item
1007 1023 1064 1084 luit
1085 1023 1130 1082 via
1148 1021 1267 1101 publiea
1293 1040 1348 1101 per
1369 1021 1449 1084 Allo·

332 1126 442 1206 broges
465 1133 564 1188 strata.
610 1126 700 1188 Cuius
722 1127 785 1188 viae
807 1131 960 1188 auctorem
975 1142 1080 1186 revera
1102 1125 1194 1186 luisse
1216 1123 1298 1186 buno
1319 1125 1450 1202 impera·

331 1236 443 1297 torem,
467 1228 576 1308 probat
597 1229 784 1290 ltinerarium
811 1228 965 1296 Antonini,
988 1225 1040 1287 ubl
1062 1228 1094 1287 in
1114 1226 1220 1287 mediis
1240 1224 1452 1302 Allobrogibus

331 1332 410 1392 inter
438 1330 633 1392 Labisconem
664 1338 693 1390 ot
721 1331 896 1408 Bergusiam
923 1327 1016 1390 babes
1044 1330 1200 1389 stadonem
1222 1329 1400 1403 Augustam.
1414 1323 1449 1403 ⁵⁴)

332 1431 390 1502 Qui
411 1429 496 1492 locus
519 1449 603 1502 cum,
627 1439 660 1493 ut
682 1451 718 1492 ex
739 1429 986 1511 inscriptionibus
1007 1430 1089 1491 vides
1103 1427 1157 1510 ⁵⁵),
1180 1428 1254 1490 nibil
1281 1435 1361 1489 esset
1394 1429 1453 1488 nisi
1564 1441 1566 1500 ξ

332 1534 414 1595 vicus
443 1549 543 1612 neque
571 1532 650 1594 aliud
679 1549 811 1612 unquam
845 1533 877 1592 in
903 1530 1114 1611 Allobrogibus
1147 1533 1279 1592 extiterit
1306 1529 1451 1610 oppidum

332 1635 391 1695 nisi
414 1636 544 1696 Viennae
567 1634 784 1704 contributum,
808 1640 933 1715 apparet
954 1651 1014 1695 non
1036 1633 1166 1696 voluisse
1179 1637 1346 1712 Augustum
1361 1632 1451 1692 Vien·
1565 1697 1566 1720 ¹

331 1736 476 1798 nensibus
499 1735 660 1814 quidquam
682 1735 855 1807 detrabere;
880 1743 984 1797 contra
1004 1756 1065 1798 non
1087 1744 1202 1798 tantum
1225 1736 1372 1804 Viennae,
1399 1732 1451 1794 sed
1564 1723 1566 1742 ⁴

302 1891 308 1903 .
332 1839 480 1900 universis
501 1836 711 1916 Allobrogibus
733 1840 878 1900 ciuitatem
902 1837 984 1898 dedit
1005 1837 1176 1900 Romanam.
1209 1837 1295 1909 Quod
1316 1855 1379 1897 non
1402 1854 1450 1897 so·
1564 1849 1566 1928 1ἐ

331 1938 392 2000 lurn
420 1940 548 2020 probant
575 1940 785 2019 inscriptiones
812 1941 1001 2002 Genavenses
1029 1957 1120 2020 supra
1148 1940 1223 2021 (not.
1249 1935 1304 2017 47)
1331 1941 1450 2008 citatae,
1564 1935 1566 2020 ξ

331 2042 383 2103 sed
410 2041 518 2121 probat
545 2043 633 2102 etiam
662 2041 818 2104 Strabonis
844 2041 895 2102 ille
923 2038 1071 2119 locasti),
1100 2040 1152 2103 ubi
1180 2039 1265 2110 dicit,
1289 2042 1452 2102 Vocontios
1564 2065 1566 2098 r

331 2143 451 2221 quidem
475 2161 511 2204 ex
533 2144 598 2203 iure
622 2141 697 2204 Latii
725 2142 836 2204 liberos
865 2161 932 2203 esse
955 2161 971 2203 a
993 2141 1181 2224 proconsulis
1203 2143 1345 2222 imperio,
1370 2141 1451 2204 Allo·

331 2245 440 2323 bruges
460 2251 560 2306 antem
583 2250 613 2304 et
627 2245 751 2323 Ligures
774 2247 802 2305 ei
825 2263 891 2305 esse
913 2246 1071 2307 subiectos.
1103 2245 1189 2317 Quod
1211 2243 1333 2306 nonita
1355 2245 1452 2306 inter·

331 2347 510 2426 protantium
533 2354 591 2415 est,
615 2353 649 2407 ut
671 2346 794 2408 eandem
823 2346 916 2408 luisse
938 2346 1081 2426 Ligurum
1109 2355 1139 2408 ct
1159 2347 1353 2425 Allobrogum
1378 2365 1451 2407 con·
1522 2335 1525 2352 '
1564 2419 1566 2434 1

333 2447 480 2508 dicionem
503 2446 728 2518 concludamus,
751 2449 843 2514 imrno
859 2448 984 2527 Ligures
1007 2449 1268 2529 stipendiariorum
1288 2448 1354 2510 loco
1371 2447 1452 2510 haud
1565 2439 1566 2488 ἕ

331 2547 421 2610 dubie
442 2549 614 2628 proconsuli
634 2550 794 2631 parebant,
817 2549 990 2630 Allobroges
1013 2553 1119 2613 civium
1141 2551 1344 2612 Romanorum
1366 2549 1451 2618 locc;

331 2669 400 2713 nam
422 2668 526 2711 reuera
548 2653 579 2712 in
602 2670 638 2713 eo
660 2654 739 2713 circs
754 2653 879 2714 Romani
894 2670 988 2731 aeque
1010 2671 1045 2714 ac
1067 2653 1252 2734 stipendiarii
1272 2652 1454 2714 differebant

331 2771 348 2814 a
370 2753 497 2822 Latinis,
521 2754 600 2833 quod
622 2759 784 2834 utrumque
815 2753 887 2816 illud
911 2753 1135 2834 provincialium
1157 2772 1252 2834 genus
1275 2754 1331 2815 sub
1353 2755 1453 2833 ipsius
1564 2761 1565 2764 ’

331 2854 519 2935 proconsulis
547 2863 611 2918 erat
637 2857 850 2936 imperiosius
876 2856 1097 2926 iurisdictione,
1122 2873 1315 2935 quamquam,
1340 2863 1377 2916 nt
1399 2873 1451 2917 na·
1564 2891 1565 2896 κ

332 2966 397 3020 tura
419 2959 493 3028 lert,
517 2958 546 3018 id
568 2959 729 3038 imperium
744 2955 824 3019 aliud
840 2965 903 3020 crat
924 2960 955 3018 in
971 2959 1064 3028 cirea,
1088 2956 1167 3020 aliud
1181 2959 1211 3019 in
1227 2957 1451 3038 stipendiarios.
1563 2969 1565 3014 t

415 3061 545 3122 Viennae
568 3068 597 3121 et
619 3060 833 3120 Vocontiorum
855 3060 971 3140 oppidis
998 3059 1034 3121 ab
1057 3062 1190 3144 Augusto
1213 3066 1243 3120 et
1262 3060 1329 3120 iure
1352 3060 1454 3120 auctis
1563 3043 1565 3148 ff

331 3167 361 3220 et
382 3179 488 3221 recens
510 3162 678 3222 constitutis
701 3161 854 3222 adicienda
882 3167 928 3222 est
950 3179 985 3222 ex
1008 3160 1170 3223 Ptolemaei
1197 3161 1234 3222 de
1256 3159 1350 3221 Gallia
1375 3161 1451 3222 Nar·
1564 3179 1565 3234 3

330 3260 456 3321 bonensi
488 3259 614 3338 libro⁶⁷)
644 3264 719 3323 Alba
746 3265 880 3338 Anausin
906 3264 1116 3340 Elpenorem,
1143 3270 1177 3324 ut
1210 3279 1285 3340 quac
1315 3280 1331 3321 e
1362 3261 1454 3322 simili
1563 3249 1565 3312 ,³

331 3381 435 3425 caussa
463 3363 609 3439 originem
636 3366 768 3426 traxerit.
814 3365 964 3427 ludicatur
993 3367 1070 3426 eninr
1098 3367 1129 3426 in
1157 3363 1259 3426 tabula
1285 3364 1452 3443 Peutinge·
1562 3347 1564 3380 ³

331 3460 463 3541 rianatss)
492 3465 537 3525 vla
566 3483 582 3526 a
609 3465 687 3527 Foro
720 3468 842 3528 Voconii
869 3467 959 3528 Reios
987 3465 1172 3546 Apollinares
1207 3466 1336 3537 ducens,
1373 3484 1454 3547 quae
1562 3469 1564 3534 t

329 3583 454 3626 necesse
476 3573 522 3627 est
543 3568 673 3645 attigerit
695 3585 760 3628 eam
782 3569 950 3646 regionem,
973 3569 1003 3629 in
1026 3586 1099 3647 qua,
1123 3575 1157 3630 ut
1175 3568 1252 3629 infra
1268 3567 1452 3638 ridebimus,

330 3668 385 3728 sita
408 3673 472 3727 erat
491 3665 563 3728 Alba
585 3670 730 3748 Angusta,
759 3687 851 3748 quare
880 3668 955 3730 banc
983 3687 1102 3748 quoque
1130 3671 1205 3732 viam
1233 3670 1387 3730 minorem
1416 3670 1454 3731 ab
1562 3655 1564 3744 )

329 3769 462 3846 Augusto
485 3776 605 3832 stratam
629 3787 695 3831 esse
717 3772 845 3840 conicio,
869 3777 958 3848 atque
981 3772 1092 3850 optime
1115 3770 1254 3833 cumbae
1274 3773 1454 3834 coniectura
1563 3783 1564 3866 ζ

396 3971 642 4038 wmpffi

396 4056 440 4122 55)
459 4057 530 4123 App.
549 4057 635 4122 epigr.
654 4073 680 4106 n.
694 4057 752 4110 568.

396 4141 440 4206 56)
460 4141 559 4192 Strabo
577 4141 623 4190 lV.
641 4157 667 4206 p.
686 4143 744 4191 203.

395 4225 439 4289 57)
457 4225 573 4276 Ptolem.
592 4226 621 4288 2,
641 4227 669 4275 9:
696 4218 842 4292 Μήμινοι,
862 4214 916 4291 ὑφ’
934 4217 983 4286 οὓς
996 4217 1149 4281 'Eidomene
1171 4226 1221 4281 ecl
1243 4219 1328 4290 πόλις
1352 4219 1456 4285 αὐτῶν

325 4299 539 4374 Ἀλβαυγούστα.

396 4392 440 4459 58)
458 4394 529 4444 Tob.
549 4394 626 4447 Peut.
644 4409 730 4461 sogm.
748 4395 784 4448 ΙΙ.
