3154 5162
346 466 407 528 124
739 459 822 518 PARS
843 461 873 517 ll.
917 461 1023 520 CAPVT
1045 461 1065 518 1.

343 638 458 693 lantum
481 629 570 692 habet
592 639 625 692 ut
647 631 804 692 stationem
826 633 889 691 viae
911 649 927 690 a
951 630 1115 691 Cesseroue
1138 628 1173 691 ad
1190 629 1357 691 Cebennam
1376 649 1440 690 mou

346 741 405 795 tem
428 733 580 802 ducentis,
608 731 697 793 hodie
726 751 791 793 esse
818 729 934 794 toute
961 750 998 792 ex
1028 734 1149 793 nomine
1177 732 1248 792 satis
1269 735 1452 813 perspicuum

345 842 407 904 est;
437 838 534 915 ipsum
562 835 705 914 oppidum
734 835 822 896 distat
850 833 982 913 paullum
1010 833 1046 894 ab
1074 836 1201 905 hraure,
1230 853 1336 912 agrum
1364 843 1454 896 autem

345 937 473 998 habehat
495 930 573 998 haud
597 937 685 998 dubie
708 937 744 998 ad
766 936 888 997 liuvium
911 954 1006 1014 usque
1028 943 1188 1015 patentem.

430 1039 463 1100 ln
487 1038 589 1101 eadem
613 1041 736 1116 regione
758 1038 923 1100 collocandi
945 1039 1070 1099 tortasse
1096 1047 1165 1100 sunt
1188 1039 1454 1116 Samnagenses

322 1141 448 1210 ¹Plinii,
479 1157 554 1220 quos
577 1159 593 1201 a
616 1140 730 1202 Valesio
759 1147 787 1201 et
809 1139 935 1202 huvillio
962 1141 1191 1219 praetermissos
1213 1141 1311 1221 Lagoy
1335 1157 1455 1217 eumque

346 1249 507 1321 sequentes
535 1241 717 1304 Valckenaer
750 1248 779 1302 et
808 1241 951 1322 Saussaye
980 1242 1015 1301 ad
1048 1261 1240 1304 nummorum
1275 1242 1454 1320 quorundam

346 1346 562 1414 auctoritatem,
586 1351 775 1423 repertorum
798 1347 829 1404 in
851 1363 923 1422 agro
939 1343 1040 1423 oppidi
1055 1344 1097 1403 St.
1115 1344 1208 1421 Rcmy
1231 1351 1260 1405 et
1279 1363 1375 1424 prope
1389 1345 1455 1405 Ave·

347 1449 481 1516 nionem,
511 1448 589 1507 circa
611 1447 753 1525 oppidum
775 1444 876 1508 Sc'auz
902 1448 980 1507 inter
1002 1446 1101 1522 Aquas
1124 1446 1239 1508 Sextias
1267 1456 1297 1507 et
1319 1445 1455 1509 Cabellio·

255 1598 263 1614 ,
346 1567 416 1609 nem
438 1547 586 1609 habitasse
609 1544 763 1626 dicunt.¹²)
809 1548 885 1609 Sunt
907 1554 1005 1608 autem
1021 1547 1062 1608 illi
1076 1550 1192 1609 nummi
1212 1551 1311 1618 aenei,
1336 1565 1457 1628 quorum

347 1652 526 1730 paucissima
548 1656 661 1711 tantum
685 1655 785 1710 extant
807 1647 951 1728 exempla,
975 1651 1040 1709 eius
1062 1651 1181 1720 aetatis,
1205 1670 1263 1729 qua
1278 1647 1405 1711 Gallicae
1419 1651 1455 1708 ci·

346 1755 451 1813 vitates
474 1750 703 1812 Massiliensium
726 1769 865 1812 nummos
887 1750 1093 1820 imitabantur,
1122 1750 1249 1831 ideoque
1272 1750 1395 1813 Graecis
1414 1751 1456 1811 lit·

276 1923 279 1930 ,
347 1855 421 1914 teris
443 1855 619 1932 conscripti,
650 1860 739 1931 atque
768 1855 792 1913 si
814 1860 896 1914 recte
918 1855 949 1912 in
971 1855 1009 1914 iis
1031 1853 1141 1930 legitur
1163 1860 1381 1924 ΣΑΜΝΑΓΗΤ,
1403 1871 1456 1916 non

347 1958 532 2034 negaverim,
563 1954 636 2016 mihi
664 1973 782 2034 quoque
808 1954 932 2034 probari
963 1955 1043 2017 illam
1072 1957 1258 2033 opinionem;
1288 1955 1369 2032 quod
1396 1972 1456 2015 cum

347 2076 407 2120 non
430 2076 556 2138 prorsus
578 2063 693 2118 certum
721 2056 870 2126 videatur,
900 2075 935 2117 ex
965 2058 1160 2136 inscriptione
1190 2057 1315 2134 quadam
1338 2057 1456 2118 Nemau-

348 2161 428 2220 sensi
454 2160 530 2240 (app.
556 2160 649 2238 epigr.
675 2177 703 2220 n.
730 2165 789 2224 111
813 2177 838 2219 v.
858 2157 918 2235 15),
941 2159 972 2218 in
997 2175 1054 2236 qua
1076 2161 1173 2236 agitur
1195 2159 1232 2218 de
1255 2158 1342 2220 donis
1365 2158 1400 2219 ab
1414 2177 1456 2218 or·

349 2261 417 2322 dine
440 2259 606 2339 Biturigum
630 2259 705 2320 datis
728 2266 787 2320 tam
809 2259 1062 2321 Nemausensibus
1092 2277 1181 2336 quam
1204 2259 1456 2338 Samnagensibus,

350 2364 529 2424 coniecerim
552 2360 589 2422 ab
612 2361 704 2423 altera
726 2360 862 2423 Rhodani
884 2368 969 2441 parte
993 2362 1179 2424 collocandos
1201 2381 1268 2423 esse
1284 2362 1456 2440 Samnagen-

351 2482 398 2525 ses
428 2470 458 2523 et
493 2465 604 2525 vicinos
637 2465 730 2525 luisse
758 2462 1012 2525 Nemausensibus
1039 2463 1205 2525 habitantes
1233 2467 1312 2526 circa
1341 2463 1458 2539 confinia

349 2566 590 2627 Arecomicorum
615 2573 643 2626 et
665 2566 869 2644 Tectosagum.
1186 2635 1189 2641 ¹

433 2667 559 2729 Restant
579 2667 708 2744 denique
730 2668 761 2727 in
784 2667 839 2729 hac
861 2669 986 2745 regione
1008 2667 1144 2729 Ruteni
1172 2668 1385 2748 provinciales,
1413 2666 1458 2744 qui

349 2769 386 2830 ab
408 2767 463 2830 hac
485 2776 571 2850 parte
593 2768 691 2830 ultimi
714 2775 783 2830 sunt
804 2771 983 2849 prouinciae.
1030 2769 1071 2830 De
1094 2787 1220 2847 quorum
1244 2769 1354 2831 linibus
1376 2787 1458 2848 supra

350 2872 388 2953 (p.
404 2877 443 2940 48
460 2891 488 2932 ιι.
503 2868 553 2950 26)
570 2871 712 2934 diximus:
733 2872 767 2942 si,
784 2878 817 2932 ut
833 2871 894 2932 vult
906 2871 1080 2941 Mommsen,
1098 2872 1144 2932 vel
1158 2872 1236 2934 ultra
1249 2872 1371 2932 Tarnim
1382 2875 1456 2951 pate·

348 2973 433 3043 bant,
462 2980 584 3053 praeter
607 2974 859 3051 Coudatomagum
882 2973 998 3035 tabulae
1020 2975 1279 3052 Peutingerianae,
1309 2976 1362 3050 qui
1383 2973 1459 3033 locus

348 3076 428 3137 XXX
451 3095 489 3136 m.
514 3095 543 3155 p.
569 3095 584 3136 a
608 3075 776 3154 Segoduno,
799 3075 894 3137 XXIlI
916 3073 1055 3136 aboteva
1078 3077 1160 3145 aluit,
1180 3074 1378 3153 Segodunum
1393 3092 1458 3153 quo·

349 3194 408 3254 que
436 3179 497 3237 sive
525 3177 629 3238 Rodez
665 3180 702 3238 iis
737 3180 793 3238 erit
826 3176 1057 3238 attribuendum.
1109 3176 1166 3237 Sed
1199 3177 1314 3237 etiamsi
1342 3193 1458 3236 conces·

350 3279 426 3339 seris
448 3279 513 3338 lieri
535 3297 639 3358 posse,
668 3285 701 3340 ut
724 3280 875 3341 Ciceronis
901 3285 997 3340 aetate
1024 3279 1098 3340 fines
1120 3280 1289 3358 provinciae
1311 3295 1407 3356 usque
1428 3293 1459 3335 eo

348 3382 560 3459 processerint,
585 3385 697 3450 tamen,
722 3399 790 3442 cum
812 3380 1000 3442 Ptolemaeus
1024 3384 1063 3462 (2,
1088 3380 1116 3461 7)
1141 3379 1332 3458 Segodunum
1355 3378 1462 3440 tribuat

348 3482 537 3558 Aquitaniae,
571 3484 602 3542 in
631 3501 706 3543 nova
739 3482 897 3543 Galliarum
926 3482 1135 3544 distributione
1163 3480 1199 3543 ab
1228 3483 1361 3559 Augusto
1389 3482 1462 3542 lacta

348 3584 389 3643 ita
411 3582 547 3644 definitas
576 3602 641 3644 esse
670 3585 823 3644 statuerim
846 3583 1031 3646 Rutenorum
1058 3583 1284 3663 provincialium
1311 3583 1460 3648 terminos,

349 3690 383 3744 ut
404 3683 525 3744 Tarnim
548 3686 650 3762 utique
671 3687 730 3746 iam
752 3704 811 3746 non
835 3685 1021 3747 excederent.

433 3784 496 3846 lam
519 3804 588 3847 vero
612 3789 637 3847 si
658 3787 803 3849 hraurem
824 3788 1000 3856 transimus,
1029 3786 1087 3849 late
1109 3794 1258 3866 patentem
1281 3785 1461 3864 ingredimur

349 3872 454 3966 agrum
489 3887 730 3949 Nemausensem.
781 3889 915 3966 Namque
947 3888 1164 3957 Nemausus,
1199 3889 1314 3958 Nicaea,
1351 3886 1462 3948 colonia

349 3991 480 4068 Augusta
510 3988 593 4071 (app.
625 4008 674 4051 nu.
705 3995 767 4058 132
795 3987 885 4068 etc),
921 3991 1073 4051 territorio
1101 4009 1156 4051 suo
1183 3987 1460 4070 comprehendebat

350 4091 493 4169 quidquid
514 4093 659 4154 intererat
680 4093 759 4152 inter
780 4094 924 4155 Araurem
950 4098 981 4151 et
1002 4089 1191 4161 Rhodanum,
1222 4110 1239 4152 a
1265 4091 1392 4154 meridie
1414 4107 1461 4152 au·

418 4326 460 4392 12)
483 4328 593 4395 Lagoy,
612 4326 792 4395 Descriptiou
809 4328 844 4378 de
860 4327 993 4393 quelques
1011 4325 1155 4379 medeilles
1173 4325 1299 4380 ineditas.
1323 4325 1378 4376 Aix
1391 4324 1461 4376 1834.

348 4426 376 4477 p.
394 4410 441 4464 38..
470 4412 659 4465 Walohenaer
678 4414 701 4477 l,
719 4429 746 4482 p.
765 4413 813 4465 281
833 4428 873 4482 sq.
910 4411 1058 4479 sausseye,
1075 4413 1207 4466 Numism.
1225 4427 1252 4481 p.
1270 4413 1311 4464 99.
1329 4409 1368 4478 pl.
1387 4405 1460 4459 XJII.
