3154 5162
290 425 351 488 116
675 419 759 478 PARS
781 420 801 477 1.
845 419 951 478 cAPvr
973 419 1015 476 lll.

287 593 436 660 nationes,
472 605 547 668 quae
580 587 650 648 inde
678 606 695 647 3
722 588 759 648 M.
790 586 900 649 Aurelii
929 595 1031 647 contra
1058 585 1284 647 Marcomannos
1318 584 1407 646 bellis

287 693 492 754 coniuratione
515 691 642 768 quadam
666 697 813 750 extremas
835 690 952 768 imperii
975 689 1143 768 provincias
1173 693 1336 766 coeperant
1359 689 1406 747 in·

286 797 406 858 testare.
452 793 517 864 Quo
545 810 647 853 rernm
671 797 749 868 statu
778 792 894 852 etiamsi
917 797 946 850 et
968 808 1072 850 omnes
1093 791 1211 868 imperii
1233 791 1406 869 provinciae

288 904 318 959 et
344 899 409 978 ipsa
436 895 518 957 ltalia
546 892 769 972 affligebantur,
806 899 903 954 tamen
936 893 1105 971 provinciae
1131 897 1253 971 pacatae
1280 891 1407 952 meliore

288 999 461 1061 condicione
484 996 630 1058 solebant¹
643 1015 708 1057 esse
731 994 770 1056 ob
791 995 822 1055 id
844 997 951 1074 ipsum,
976 993 1054 1071 qnod
1076 993 1254 1072 plerumque
1278 1000 1307 1053 ct
1328 995 1405 1053 inte·

287 1104 383 1162 riores
406 1099 566 1162 seditiones
587 1099 619 1158 in
641 1099 678 1158 iis
701 1105 815 1159 tantum
839 1095 1012 1157 oriebantur
1034 1093 1222 1173 regionibus,
1249 1094 1298 1154 ubi
1320 1094 1408 1156 validi

288 1203 436 1263 exercitus
458 1203 628 1279 maioraque
651 1200 776 1277 imperia
799 1204 899 1267 erant,
930 1206 960 1258 et
981 1196 1100 1258 barbari
1123 1198 1180 1257 nisi
1200 1189 1407 1258 infelicissimo

285 1304 336 1364 illo
359 1303 480 1382 triginta
503 1303 554 1380 qni
577 1301 717 1362 dicuntur
741 1307 932 1381 tyrannorum
955 1306 1091 1378 tempore
1113 1297 1150 1358 ad
1165 1299 1333 1377 provincias
1354 1316 1406 1358 us·

287 1424 345 1485 que
374 1405 476 1466 ltaliae
505 1405 662 1484 propiores
691 1421 751 1463 non
773 1407 984 1482 pervenerunt.
1031 1399 1096 1471 Quo
1118 1400 1163 1468 lit,
1194 1406 1226 1459 nt
1247 1398 1294 1459 vel
1315 1401 1406 1460 tertio

289 1507 423 1576 saeculo,
463 1525 518 1585 per
551 1505 630 1584 quod
663 1522 724 1565 non
756 1505 814 1564 iam
852 1504 981 1576 Romae,
1022 1500 1073 1562 sed
1106 1509 1189 1562 erma
1221 1501 1336 1562 ltaliam
1370 1500 1408 1560 de

288 1627 403 1670 summa
432 1624 534 1667 rerum
562 1604 793 1674 decernebatur,
823 1604 1024 1666 Narbonensis
1046 1605 1215 1683 provinciae
1242 1612 1271 1662 et
1296 1621 1409 1665 nomen

289 1717 318 1770 et
339 1711 398 1770 lata
420 1727 516 1790 prope
538 1725 690 1785 nunquam
714 1713 996 1767 commemorentur.
1042 1706 1178 1766 Devictus
1201 1712 1248 1766 est
1262 1723 1287 1765 3.
1304 1723 1333 1783 p.
1352 1703 1406 1764 Cb.

288 1814 349 1878 197
365 1810 486 1873 Clodius
503 1808 627 1871 Albinus
649 1829 666 1870 3
689 1809 832 1887 Septimio
856 1809 966 1869 Severo
988 1808 1019 1867 in
1042 1804 1144 1876 Gallia,
1168 1809 1240 1886 quin
1264 1807 1353 1866 etiam
1375 1807 1408 1864 in

287 1914 359 1992 ipsis
380 1912 489 1975 linibus
509 1913 682 1992 provinciae
698 1929 793 1990 prope
815 1905 1072 1988 Lugudunnm³⁷);
1094 1926 1190 1988 neque
1206 1908 1330 1969 dubium
1350 1915 1406 1976 est,

289 2017 361 2092 quin
384 2034 420 2076 ex
443 2013 500 2075 hoe
529 2014 691 2074 certamine
719 2012 922 2073 meridionalis
950 2010 1043 2071 Gallia
1071 2027 1131 2070 non
1157 2012 1265 2073 intacta
1289 2010 1407 2076 exierit,

288 2115 340 2177 sed
368 2122 402 2176 nt
428 2117 527 2196 ipsum
553 2113 625 2176 illud
654 2117 833 2175 acerrimum
860 2112 1007 2192 proelium
1035 2114 1138 2190 paucis
1166 2119 1279 2172 tantum
1307 2110 1409 2172 verbis

287 2218 479 2287 describitur,
501 2219 542 2276 ita
563 2235 666 2277 rernm
688 2218 719 2276 in
735 2215 921 2277 Narbonensi
943 2217 1065 2292 regione
1087 2222 1237 2292 gestarum
1260 2231 1407 2292 nusquam

287 2320 319 2380 tit
342 2320 462 2379 mentio.
509 2319 588 2390 Quas
612 2318 712 2380 turbas
735 2325 835 2379 secuta
858 2325 903 2377 est
925 2315 1050 2377 celebris
1075 2315 1125 2376 illa
1148 2314 1313 2377 Caracallae
1334 2333 1407 2374 con·
1440 2339 1442 2343 ·

288 2421 413 2488 stitutio,
437 2437 495 2499 qna
517 2421 686 2499 quicunque
707 2426 772 2481 tum
794 2421 825 2479 in
854 2417 927 2480 orbe
949 2418 1081 2478 Romano
1105 2425 1190 2478 erant
1211 2416 1347 2477 homines
1370 2415 1407 2475 li-

287 2521 362 2591 beri,
387 2523 466 2581 cives
480 2521 605 2581 Romani
627 2522 697 2582 lacti
719 2517 840 2600 sum³⁸),
864 2539 940 2601 quae
961 2521 1079 2582 inventa
1102 2519 1138 2580 ad
1160 2520 1224 2580 fisci
1239 2518 1406 2598 commoda,

289 2626 314 2684 si
335 2624 457 2684 maioris
479 2623 599 2683 omnino
622 2626 765 2683 momenti
789 2630 853 2684 erat
874 2624 904 2682 in
928 2628 1029 2683 nostra
1045 2623 1197 2702 provincia
1212 2621 1328 2701 pridem
1344 2619 1406 2680 Ro·

288 2727 382 2786 manis
412 2723 527 2803 legibus
555 2724 749 2805 moribusque
773 2732 905 2793 assueta,
935 2727 981 2783 vix
1011 2723 1103 2784 ullum
1129 2725 1349 2784 incrementum
1379 2723 1409 2780 ei

288 2825 393 2888 attulit.
445 2826 563 2905 Aliquot
600 2828 685 2886 annis
719 2834 788 2906 post
820 2825 939 2887 Clodius
972 2826 1124 2904 Pupienus
1156 2825 1319 2894 Maximus
1355 2824 1410 2899 qni

287 2947 365 2988 anno
389 2933 450 2996 238
474 2947 542 2989 cum
570 2927 668 3002 Caelio
691 2926 814 2988 Balbino
842 2928 1004 3004 imperator
1033 2928 1128 2988 iactus
1157 2934 1215 2996 est,
1243 2923 1408 3006 proconsul

286 3032 342 3091 luit
370 3029 479 3091 Galliae
507 3029 719 3091 Narbonensis.
771 3029 828 3100 Qui
861 3047 928 3088 cum
958 3029 1063 3089 eodem
1089 3028 1140 3089 illo
1170 3047 1195 3089 3.
1226 3029 1286 3095 238
1314 3044 1409 3106 prae-

286 3133 382 3193 lectus
411 3131 479 3191 urbi
512 3138 604 3200 esset,
633 3113 712 3190 inter
739 3137 909 3210 praeturam
944 3136 1042 3190 autem
1072 3136 1101 3190 et
1129 3128 1314 3191 consulatum
1344 3135 1409 3188 tres

287 3233 396 3310 egisset
423 3231 651 3310 proconsulatus
682 3230 851 3311 Bithyniae,
885 3231 1041 3301 Graeciae,
1071 3231 1290 3300 Narbonensis,
1320 3229 1409 3289 initio

287 3333 351 3394 iere
372 3333 491 3410 imperii
521 3332 624 3393 Severi
650 3331 810 3394 Alexandri
838 3331 1062 3394 Narbonensem
1090 3333 1206 3394 videtur
1233 3333 1357 3392 rexisse.
1366 3326 1407 3408 39)

287 3434 373 3494 Hunc
401 3432 538 3494 ultimum
566 3436 757 3512 cognovimus
780 3434 989 3514 proconsulem
1016 3442 1137 3516 nostrae
1160 3436 1346 3514 provinciae,
1377 3439 1410 3492 et

287 3532 371 3595 brevi
392 3542 460 3613 post
482 3537 647 3597 senatoriae
668 3536 853 3614 provinciae,
882 3553 958 3613 qliae
985 3538 1043 3597 iam
1066 3537 1168 3597 Dionis
1191 3541 1286 3596 aetate
1308 3553 1410 3614 prope

286 3637 406 3715 penitus
434 3638 465 3696 in
492 3639 709 3715 imperatorum
736 3645 913 3716 potestatem
941 3645 1155 3715 pervenerant,
1186 3636 1324 3698 videntur
1355 3635 1411 3696 ab·

220 3780 225 3789 ,
288 3736 385 3797 olitae.
437 3737 498 3798 Sub
532 3739 713 3817 imperatore
732 3805 733 3808 Ἴ
750 3739 869 3817 quidem
908 3738 1010 3799 Tacito
1049 3742 1197 3814 recepisse
1230 3757 1262 3800 33
1302 3738 1413 3801 dicunt

287 3845 440 3900 senatores
471 3839 518 3899 ius
555 3838 769 3917 proconsulare
782 3837 818 3918 40)
853 3842 984 3920 itemque
1018 3840 1134 3902 Probus
1148 3837 1184 3918 41)
1223 3839 1411 3912 celebratur,

354 4023 398 4090 37)
416 4024 568 4075 Herodian.
587 4028 611 4089 3,
631 4027 655 4078 7.
691 4024 783 4090 Spart.
803 4024 896 4077 Seuer.
916 4029 956 4077 11.

356 4109 399 4176 38)
418 4109 451 4160 L.
471 4111 502 4160 17
520 4109 584 4176 Dig.
604 4110 637 4160 de
655 4114 731 4161 statu
746 4110 887 4160 hominum
906 4110 940 4174 (1,
960 4110 995 4174 5.)
1030 4111 1085 4161 Dio
1104 4113 1145 4173 77,
1164 4114 1191 4162 9.

415 4196 471 4246 vit.
488 4195 562 4245 Max.
581 4198 610 4245 et
627 4194 707 4247 Balb.
727 4195 751 4244 5.

353 4195 396 4258 39)

353 4279 397 4340 40)
416 4280 470 4330 Vit.
489 4279 614 4329 Floriani
633 4281 661 4328 6:
681 4294 727 4329 noo
739 4280 878 4342 recepimus
889 4280 928 4329 ius
940 4284 1133 4346 proconsulare.

352 4360 397 4432 41)
415 4363 472 4414 vit.
490 4364 574 4414 Probi
593 4380 616 4414 e.
636 4366 676 4417 13.
903 4370 905 4375 '
