3132 5158
519 461 654 520 ulricus
674 461 818 520 llllllltll.
1168 461 1228 526 133

102 637 276 716 provinciae
305 635 365 694 sive
392 634 519 693 sortasse
554 647 650 710 usque
684 629 720 692 ad
754 629 866 691 Forum
894 627 976 698 lulii;
1012 629 1091 708 quod
1119 629 1227 710 prohat

100 737 176 818 lapis
200 737 409 798 Henzenianus
431 753 459 794 n.
484 739 576 803 5101,
600 739 634 794 ut
656 734 707 811 qui
722 732 836 794 Monaci
857 733 888 792 in
911 731 991 792 ltalia
1015 737 1154 811 repertus
1169 749 1225 792 nu·

101 858 223 902 merum
238 837 350 898 indicet
365 833 442 905 DCl;
466 843 554 914 atque
571 837 596 896 si
615 834 727 896 ibidem
749 834 915 904 indicatur,
940 835 1019 894 inter
1041 837 1072 894 la
1090 834 1227 911 Odiuppa

100 960 198 1022 prope
220 941 320 1001 niano
342 946 372 998 et
398 942 426 999 lc
447 939 540 1015 Pujct
566 955 661 1017 prope
689 936 804 1012 Frc'jus
830 944 950 1016 reperta
979 954 1045 997 esse
1073 943 1140 997 octo
1168 939 1223 997 mi·

100 1043 184 1104 liaria
209 1041 252 1111 illi
273 1038 436 1110 simillima,
460 1039 535 1101 hanc
558 1038 782 1100 similitudinem
805 1041 847 1099 sic
870 1039 1068 1118 interpretor,
1095 1040 1223 1118 reperiri

100 1144 155 1206 hos
178 1143 294 1225 lapides
316 1160 412 1220 nsque
435 1141 469 1202 ad
499 1143 635 1202 viciniam
658 1141 729 1202 Fori
750 1139 817 1202 lulii
841 1139 948 1207 eadem
976 1141 1091 1204 ratione
1118 1158 1221 1201 nume·

99 1255 192 1318 ratos,
218 1254 307 1326 atque
328 1244 412 1305 illum
428 1244 645 1306 lllonacensem.
685 1234 794 1304 Contra
815 1241 884 1302 inde
907 1261 923 1304 a
945 1242 1023 1304 Foro
1045 1241 1111 1304 lulli
1124 1243 1223 1322 Aquas

100 1349 220 1410 Sextias
249 1366 352 1410 versus
380 1365 485 1408 novam
511 1347 658 1425 incepisse
686 1362 882 1406 numerorum
905 1345 1014 1406 seriem
1037 1345 1222 1408 demonstrat

99 1469 177 1512 unus
202 1469 238 1515 ex
262 1448 409 1529 lapidibus
431 1449 543 1510 nostris
572 1446 658 1529 (inira
682 1466 709 1507 n.
735 1447 822 1525 619),
852 1447 904 1525 qui
930 1453 1070 1525 repertus
1096 1448 1127 1508 in
1154 1449 1220 1526 ipso

100 1553 162 1613 vico
184 1556 215 1613 lc
235 1552 330 1626 Pujct
350 1552 411 1612 sive
435 1549 512 1611 ultra
525 1549 635 1611 Forum
651 1548 717 1609 Iulii
739 1567 898 1610 numerum
914 1547 1034 1609 exhibet
1056 1548 1107 1618 lV;
1132 1549 1221 1611 distat

98 1661 198 1717 autem
221 1652 272 1714 ille
296 1654 378 1712 vicus
399 1669 433 1711 re
456 1669 525 1712 vera
548 1659 688 1728 quattuor
709 1649 830 1711 milibus
852 1668 996 1730 passuum
1017 1650 1128 1712 aForo
1143 1650 1219 1712 lulii.

97 1755 140 1817 Ad
165 1753 247 1818 hunc
270 1771 511 1833 numerumque
534 1751 622 1814 modo
650 1753 777 1830 quadret
805 1752 880 1814 alter
904 1770 940 1814 ex
960 1751 1109 1832 lapidibus
1129 1751 1219 1816 huius
1290 1805 1298 1815 ,

97 1859 229 1936 regionis
252 1857 303 1936 qui
325 1872 484 1916 numerum
506 1855 615 1916 indicat
636 1853 770 1914 XXXllll
794 1855 831 1934 (n.
857 1850 939 1933 624),
962 1855 1038 1916 inira
1061 1854 1217 1946 adipsum

95 1957 226 2040 lapidem
249 1957 374 2018 dicetur.
419 1956 452 2017 ln
475 1975 510 2017 ea
532 1955 638 2017 deinde
661 1954 751 2016 huius
773 1957 836 2017 viae
856 1962 951 2035 parte,
976 1973 1052 2033 quae
1074 1955 1111 2018 ab
1125 1958 1218 2034 Aquis

97 2061 205 2122 Sextiis
227 2079 283 2140 per
306 2059 515 2139 compendium
538 2057 664 2119 ducebat
683 2056 830 2119 Arelatem
847 2075 988 2120 numeros
1010 2059 1158 2138 incepisse
1181 2058 1216 2121 ab

95 2161 228 2232 Arelate,
265 2161 470 2222 demonstrant
503 2160 617 2240 lapides
651 2161 764 2240 reperti
800 2177 856 2239 per
889 2177 1027 2239 campum
1060 2165 1215 2242 petrosum

95 2264 219 2340 (cluamp
241 2264 280 2324 de
300 2267 332 2323 la
353 2263 458 2340 Grau).
504 2263 546 2323 Dc
569 2261 662 2323 altero
686 2267 781 2322 tractu
805 2262 969 2340 superioris
992 2261 1111 2341 quidem
1135 2268 1214 2322 aeta-

95 2367 131 2427 tis
154 2366 265 2428 desunt
285 2363 413 2444 lapides,
443 2366 494 2443 qui
522 2369 683 2432 testentur;
713 2364 880 2443 posteriore
909 2371 1007 2425 autem
1037 2369 1133 2424 aetate
1162 2383 1215 2425 nu·

94 2469 170 2529 meri
191 2470 374 2548 inceperunt
400 2465 436 2528 ah
459 2465 591 2547 Arelate,
621 2472 654 2526 ut
681 2465 792 2526 diserte
819 2465 931 2527 indicat
956 2473 1058 2526 noster
1086 2484 1115 2526 n.
1141 2469 1211 2536 625,

94 2571 144 2650 qui
166 2572 283 2650 positus
311 2575 357 2632 est
381 2586 406 2629 a.
430 2587 459 2648 p.
485 2567 536 2628 Ch.
562 2571 638 2638 435,
668 2575 757 2646 atque
783 2569 898 2652 ratione
925 2587 1121 2630 numerorum
1150 2561 1213 2631 viae
1304 2559 1308 2567 ’

93 2671 173 2734 illius
200 2671 347 2732 brevioris
375 2669 535 2730 verisimile
565 2678 625 2740 est,
662 2671 787 2732 eandem
814 2671 960 2732 rationem
988 2689 1108 2750 semper
1135 2671 1218 2748 ohti-¹

93 2775 194 2835 nuuse
215 2775 248 2834 in
270 2780 368 2834 tractu
390 2789 509 2852 quoque
536 2773 702 2852 principali.
731 2807 774 2816 -
801 2771 935 2849 Denique
964 2771 1128 2834 notandum
1157 2782 1210 2843 est,

93 2873 128 2935 ah
149 2877 246 2956 ipsius
268 2875 333 2937 riae
355 2873 491 2935 Aureliae
507 2875 661 2933 mansione
681 2873 759 2934 Foro
781 2874 904 2932 Voconii
920 2874 951 2932 in
967 2871 1067 2954 tabula
1089 2875 1210 2935 Pectin-

92 2979 212 3055 geriana
226 2974 393 3056 procedere
413 2976 488 3036 riam
508 2975 654 3035 minorem
674 2973 890 3034 conducentem
907 2971 997 3034 Reios
1014 2967 1209 3053 Apollinares.

176 3079 305 3142 Ductum
320 3084 420 3138 autem
436 3084 466 3137 et
481 3077 571 3137 totius
586 3077 649 3136 riae
664 3074 801 3137 Aureliae
817 3080 848 3134 et
862 3075 924 3136 riae
939 3074 1085 3137 brevioris
1099 3095 1116 3138 a
1130 3076 1209 3138 Foro

92 3181 213 3242 Voconii
246 3177 438 3260 procedentis
476 3179 649 3257 nuperrime
687 3175 847 3240 illustravit
877 3176 1004 3240 Rabou
1040 3179 1072 3240 in
1107 3178 1209 3242 Revue

91 3281 221 3344 archeol.
247 3285 327 3349 1861
352 3283 382 3359 p·
408 3283 601 3349 nah-1283
627 3278 677 3340 uhi
699 3298 766 3342 oum
790 3281 943 3342 itineraria
965 3279 1085 3358 quidem
1108 3275 1208 3344 vetera

90 3390 120 3443 et
142 3383 278 3444 locorum
302 3398 378 3459 quae
401 3379 489 3442 hodie
510 3379 552 3442 ibi
575 3387 654 3449 sunt,
678 3381 882 3444 condicionem
905 3383 1017 3461 optime
1039 3389 1069 3443 et
1083 3383 1207 3464 diligen·

88 3484 204 3548 tissime
232 3489 444 3564 pertractaret,
473 3481 605 3561 lapidum
633 3488 732 3544 autem
761 3502 820 3544 uon
853 3485 911 3545 nisi
938 3483 1035 3545 obiter
1061 3487 1207 3548 rationem

88 3584 229 3657 haberet,
252 3603 291 3646 ne
311 3586 338 3645 ls
360 3584 481 3664 quidem
504 3585 601 3645 omnia
625 3583 799 3664 explanarit.

337 3784 380 3854 A)
410 3787 508 3838 Foro
531 3785 626 3839 Iulii
647 3788 776 3850 Aquas
797 3787 960 3842 Sextias.

173 3929 232 3982 619.
263 3925 363 4000 ‘Puget
378 3926 411 3982 ad
425 3925 525 3983 Forum
539 3925 599 3984 lulil
613 3930 641 3984 in
660 3929 761 4003 templo
777 3930 924 4004 parochiali
939 3931 965 3988 S.
979 3930 1114 3988 Andreae'
1130 3931 1204 3988 Ber-

86 4013 156 4082 pier.
188 4012 249 4068 ‘Au
269 4010 349 4083 Pujet
370 4027 423 4068 une
443 4014 533 4085 pierre
554 4011 680 4070 milliaire
701 4021 832 4071 attestant
851 4014 877 4070 le
899 4031 1013 4090 passage
1028 4015 1100 4072 dela
1116 4019 1204 4074 voiea

45 4116 50 4124 ·
87 4097 246 4170 lougtemps
262 4094 395 4174 supportc'g
408 4095 434 4152 11
449 4095 568 4170 coquille
582 4097 619 4154 du
635 4095 759 4161 benitier,
775 4107 803 4154 et
818 4117 833 4156 a
847 4098 895 4155 finl
909 4117 959 4174 par
970 4101 1028 4156 ene
1042 4100 1154 4156 creuse'e
1170 4118 1203 4157 en

88 4197 157 4254 auge
173 4196 247 4256 pour
261 4183 349 4237 servir
364 4197 415 4238 aux
430 4180 506 4238 ionis
521 4182 711 4258 baptismam!
734 4183 846 4242 Rabou.

169 4294 357 4377 lmp(eratorl
386 4297 494 4358 Caesar
516 4297 581 4360 Divi
602 4299 621 4359 1.
648 4295 652 4380 l
676 4301 824 4377 Augustus
852 4297 1033 4379 implorator)
1054 4313 1092 4360 xr
1116 4299 1120 4382 1
1149 4305 1202 4364 tri·

86 4393 199 4460 bunitia
223 4393 228 4480 1
251 4402 398 4480 potestate
419 4411 458 4459 xl
482 4395 486 4482 Ι
510 4411 574 4466 1111.

1216 4431 1235 4464 a.
1250 4419 1286 4461 Cir.
1301 4420 1332 4465 12,
