3154 5162
503 490 587 547 PARS
610 491 628 547 1.
673 490 779 548 clnvr
801 492 830 548 ll.
1184 497 1224 558 97

117 654 164 716 dos
184 655 372 734 Allobrogum
401 655 543 718 auxilium
572 657 719 727 adhibuit,
744 657 862 727 habuit,
887 658 965 735 quod
997 665 1056 718 tam
1086 661 1223 720 eximiam

116 757 311 819 liberalitatem
334 757 405 819 huic
427 762 508 837 genti
530 767 705 838 praestaret,
730 766 793 820 tum
816 779 920 839 paoem
943 779 1010 821 cum
1033 779 1104 844 rege
1127 763 1223 823 Cottio

116 859 192 929 tecit,
212 862 272 921 vias
294 861 470 921 muniendas
493 863 619 930 curavit,
644 862 679 923 ad
704 881 752 922 eas
774 861 900 923 tuendas
922 881 996 924 nova
1020 864 1128 943 oppida
1151 883 1221 923 con·

116 960 188 1021 didit.
239 961 348 1023 Contra
383 979 458 1039 quae
486 962 628 1042 Ligurum
662 983 733 1044 pars
761 984 777 1025 a
805 963 930 1025 Caesare
960 966 1223 1044 stipendiariorum

20 1093 21 1098 κ
114 1061 175 1123 loco
194 1071 257 1124 erat
278 1062 396 1133 relicta,
422 1066 572 1144 antiquam
596 1066 799 1127 condicionem
823 1068 910 1126 etiam
933 1074 996 1127 tum
1018 1066 1163 1127 servabat.
1185 1101 1220 1110 -

20 1163 22 1174 ⁴
116 1162 188 1233 Quae
210 1165 308 1226 omnia
331 1183 399 1226 cum
422 1167 502 1226 tinita
527 1174 628 1227 essent
651 1175 679 1229 et
700 1174 886 1247 postremum
903 1167 1012 1229 Salassi
1028 1185 1146 1247 quoque
1169 1169 1221 1228 do·

20 1325 22 1330 .
114 1267 171 1325 miti
198 1272 226 1326 et
252 1268 299 1326 via
321 1285 377 1346 per
398 1267 488 1347 Alpes
510 1268 613 1330 Graias
642 1270 769 1338 munita,
801 1277 863 1330 tum
886 1269 1006 1330 demum
1029 1288 1098 1330 vere
1120 1276 1222 1350 pacata

115 1372 171 1426 erat
190 1369 342 1446 provincia
365 1377 394 1428 et
416 1371 446 1430 in
469 1387 574 1430 manus
596 1372 724 1431 transire
746 1373 843 1449 potuit
866 1378 995 1432 senatus.

189 1503 350 1581 Hucusque
373 1504 410 1564 de
433 1493 571 1567 omnibus
593 1506 709 1586 oppidis
732 1507 858 1567 aPlinio
875 1509 1032 1568 nominatis
1048 1515 1222 1586 argumento

20 1621 21 1636 *
113 1601 202 1682 aliquo
224 1608 284 1668 nisi
307 1625 425 1675 sumus,
450 1607 529 1668 unde
552 1607 785 1679 deduceremus,
810 1617 910 1670 utrum
933 1607 968 1669 ab
991 1609 1123 1687 Augusto
1146 1628 1223 1670 ana

20 1761 22 1770 ,
113 1704 177 1765 Divo
200 1706 274 1768 lulio
305 1717 406 1768 essent
433 1709 601 1771 constituta.
649 1708 762 1780 Quibus
786 1709 944 1779 absolutis,
970 1717 1002 1770 ut
1028 1713 1147 1789 penitus
1172 1730 1221 1771 ex·

20 1829 22 1850 =
112 1809 248 1869 cutiamus
271 1807 359 1869 Plinii
381 1809 629 1890 descriptionem,
653 1817 769 1872 restare
791 1812 925 1872 videmus
948 1812 1092 1889 quaedam
1115 1812 1221 1891 oppida

111 1906 220 1981 Latina,
255 1910 293 1970 de
321 1927 449 1988 quorum
477 1920 599 1973 auctore
628 1911 709 1972 nullo
737 1919 913 1988 argumento
948 1912 1092 1990 singulari
1122 1920 1223 1993 potest

20 2029 21 2078 3
111 2008 271 2073 diiudicari:
296 2013 404 2074 Adria
426 2012 554 2084 scilicet,
585 2032 660 2092 quae
686 2016 717 2074 in
741 2015 884 2075 Cavarum
907 2031 978 2092 agro
1007 2016 1061 2074 sita
1085 2020 1163 2082 erat,
1193 2021 1223 2073 et

20 2097 22 2168 ἶ
111 2110 397 2175 Rormannorum
420 2116 564 2194 oppidum
587 2135 620 2176 ao
643 2116 852 2185 Comacina,
876 2115 913 2175 de
936 2114 1058 2193 quibuS,
1083 2116 1221 2191 quoniam

111 2211 215 2276 Plinius
244 2216 411 2277 secundum
440 2215 607 2278 litterarum
636 2215 771 2276 ordinem
802 2216 918 2294 singula
951 2215 1057 2296 oppida
1084 2221 1222 2276 recenset

20 2301 22 2328 ³
111 2331 199 2394 oeque
222 2317 294 2378 alibi
316 2337 351 2378 ea
374 2325 661 2387 commemorantur,
685 2336 723 2378 ue
745 2319 774 2378 id
798 2317 917 2398 quidem
941 2323 1069 2386 constat,
1093 2316 1145 2378 ubi
1167 2319 1221 2377 sita

20 2437 21 2484 r
110 2417 170 2477 sint.
213 2420 253 2479 m·
274 2437 313 2480 ne
341 2419 379 2479 de
402 2418 447 2480 his
477 2420 596 2497 quidem
618 2439 743 2499 prorsus
771 2421 886 2482 incerta
908 2438 957 2482 res
981 2421 1051 2488 erit,
1081 2416 1132 2477 ubi
1159 2419 1220 2496 pri-

20 2557 22 2602 5
109 2534 198 2588 rmum,
222 2537 300 2598 quae
324 2539 360 2580 ex
382 2528 484 2582 nostra
506 2520 544 2581 de
566 2520 690 2599 singulis
706 2521 821 2600 oppidis
845 2522 1029 2599 expositione
1051 2521 1126 2613 ratio
1150 2539 1220 2580 con·

20 2627 23 2682 ὲ
109 2629 242 2697 sequatur
265 2622 428 2700 generalis,
452 2623 623 2684 viderimus

184 2757 221 2818 Et
242 2759 375 2837 primum
398 2759 517 2835 quidem
546 2765 579 2819 ut
606 2758 644 2818 de
666 2760 803 2819 universa
834 2765 863 2818 et
886 2758 1019 2818 Caesaris
1047 2764 1076 2816 et
1097 2759 1220 2834 Augusti

107 2855 135 2915 in
155 2858 320 2921 ordinanda
342 2861 494 2937 provincia
516 2862 632 2920 ratione
655 2866 738 2919 recte
764 2859 878 2919 iudices
902 2865 932 2918 et
957 2856 1125 2935 intellegas,
1150 2859 1219 2934 quid

21 2999 23 3020 .
108 2955 145 3016 illi
165 2959 342 3030 tribuamus,
366 2961 437 3038 quid
459 2960 538 3030 huic,
562 2961 695 3021 omnium
716 2961 846 3038 primum
861 2967 963 3018 teneas
978 2964 1104 3037 oportet,
1130 2975 1219 3034 quae·

108 3076 218 3137 cunque
245 3065 278 3122 in
307 3065 478 3140 provinciae
507 3069 585 3123 statu
614 3061 736 3121 mutavit
758 3061 878 3128 Caesar,
907 3061 938 3118 in
965 3060 1001 3118 iis
1024 3078 1082 3118 non
1105 3067 1220 3118 temere

21 3153 22 3234 l
107 3177 169 3222 eum
191 3164 306 3241 egisse,
331 3163 383 3223 sed
407 3173 518 3224 certam
541 3163 689 3241 quandam
711 3162 786 3221 viam
815 3179 849 3223 ac
877 3161 1022 3220 rationem
1046 3178 1111 3220 esse
1134 3177 1218 3220 secu·

21 3265 23 3350 ζ
108 3267 178 3333 tum,
202 3284 264 3326 non
288 3264 474 3342 singulorum
496 3264 722 3342 privilegiorum
741 3262 807 3323 loco
824 3261 948 3340 singulis
964 3260 1130 3322 eiulatibus
1145 3279 1219 3320 nova

21 3377 23 3440 ς
106 3363 232 3426 instituta
257 3373 288 3425 et
310 3365 417 3426 melius
440 3369 486 3426 ius
509 3366 569 3426 sive
592 3367 717 3444 praemii
745 3364 811 3424 loco
841 3365 902 3424 sive
930 3363 1145 3424 redimentibus
1168 3363 1218 3421 de-

106 3461 193 3536 disse,
217 3466 273 3528 sed
297 3468 358 3526 sive
385 3466 533 3526 volentem
562 3467 622 3527 sive
648 3468 769 3527 invitam
798 3466 978 3545 provinciam
1009 3481 1068 3524 uno
1097 3463 1219 3524 consilio

106 3583 137 3624 ex
167 3567 380 3647 stipendiariae
409 3568 581 3628 condicione
611 3568 795 3646 perduxisse
813 3567 849 3627 ad
879 3572 989 3626 statum
1022 3566 1153 3643 regionis
1184 3583 1220 3624 ex

22 3689 24 3742 ᾗ
106 3669 179 3728 omni
201 3678 288 3748 parte
312 3669 412 3731 Italico
435 3669 523 3730 modo
548 3670 742 3739 constitutae,
773 3688 809 3728 ex
831 3669 1061 3747 peregrinorum
1088 3669 1154 3728 iure
1183 3665 1220 3725 ad

22 3793 26 3824 r
105 3769 263 3842 civitatem,
290 3790 325 3834 ex
347 3771 544 3832 barbarorum
566 3771 720 3831 ferocitate
742 3771 778 3830 ad
794 3769 894 3832 ltaliae
917 3769 1029 3830 cultum
1052 3775 1140 3846 atque
1163 3767 1219 3827 hu·

105 3873 282 3934 manitatem.
329 3873 459 3934 Instituit
487 3879 586 3934 autem
614 3873 644 3932 id
673 3873 781 3933 Caesar
808 3871 866 3932 lroc
894 3870 999 3939 modo,
1030 3876 1062 3929 ut
1088 3871 1219 3947 primum

22 3953 24 3994 r
511 3997 513 4000 .

105 4057 406 4072 ψ...

22 4169 24 4198 '
106 4177 173 4227 enim
185 4178 294 4229 Plinius
314 4178 396 4228 Latio
416 4192 462 4228 eos
481 4176 598 4226 donatos
618 4191 678 4226 esse
698 4175 766 4226 dicit
785 4173 860 4238 (hist.
874 4177 932 4230 nat.
945 4175 969 4234 3,
984 4173 1036 4234 24),
1055 4169 1123 4220 nihil
1143 4169 1233 4219 aliud*

23 4289 24 4300 κ
104 4261 209 4326 probat,
230 4278 314 4328 quam
332 4263 414 4313 huius
432 4261 574 4327 scriptoris
594 4264 688 4311 aetate
706 4260 816 4309 Latium
836 4273 883 4308 eos
901 4257 1045 4318 babuisse,
1070 4269 1131 4303 oum
1152 4268 1218 4303 vero

103 4347 227 4410 oppidum
252 4345 420 4398 Ceutronum
444 4350 518 4396 esset
540 4347 642 4396 Forum
665 4343 788 4408 Claudii,
812 4339 955 4408 probabile
981 4344 1034 4399 est,
1058 4337 1220 4402 imperatori

23 4445 24 4498 }
104 4427 216 4482 Claudio
234 4432 350 4483 Latium
370 4447 416 4482 eos
434 4431 544 4483 debere,

23 4621 26 4732 l

149 4545 272 4600 Herzog,
289 4547 371 4589 Galliae
384 4547 450 4589 Narb.
466 4547 516 4587 hist.
707 4553 710 4557 '
997 4517 1015 4579 7
