3124 5168
246 1230 289 1324 I.
347 1229 645 1327 NARBO
697 1231 1111 1331 MARTIVS.

417 1431 575 1498 (Narbonae,
594 1437 770 1500 deportement
781 1437 814 1486 rte
826 1436 942 1502 l'Aude.)

205 1758 287 1830 Quae
309 1776 365 1838 per
387 1777 475 1818 omne
497 1759 628 1820 medium
652 1777 756 1820 aevum
779 1768 950 1822 conservata
973 1767 1003 1822 et
1024 1761 1055 1821 in
1072 1759 1148 1821 urbe
1164 1761 1237 1822 Nar·

118 1860 197 1921 bone
219 1861 355 1940 dispersa
378 1868 441 1921 erat
462 1863 569 1939 ingens
591 1860 743 1924 Romanae
767 1863 948 1940 antiquitatis
976 1869 1237 1924 monumentorum

57 1970 61 1978 “
117 1962 276 2024 multitudo
300 1971 330 2024 et
349 1964 563 2043 inscriptorum
588 1963 839 2043 ct0sculptorum,
869 1965 987 2025 saeculo
1015 1965 1237 2024 decimosexto

118 2071 263 2142 regnante
285 2065 315 2124 in
332 2064 424 2126 Gallia
439 2066 598 2127 Francisco
614 2065 636 2134 1,
660 2083 728 2126 cum
747 2067 863 2126 moenia
886 2066 968 2127 urbis
991 2074 1021 2127 et
1042 2067 1238 2127 reficerentur

120 2172 149 2225 et
171 2173 362 2244 augerentur,
386 2167 502 2228 adhoc
526 2185 600 2246 opus
623 2175 668 2227 est
690 2167 828 2228 adhibita.
867 2168 943 2229 Cura
965 2175 1062 2229 tamen
1086 2167 1237 2228 architecti
1327 2155 1331 2162 ’

119 2269 170 2346 qui
188 2269 273 2347 operi
289 2268 423 2328 iaciendo
438 2276 577 2348 praeerat
591 2270 686 2330 maior
702 2288 772 2349 pars
788 2269 907 2330 illorum
924 2269 1055 2348 lapidum
1071 2271 1148 2330 circa
1166 2255 1234 2347 por·

120 2375 164 2430 tas
178 2377 207 2429 et
217 2371 249 2429 in
265 2369 359 2430 tribus
374 2372 458 2430 novis
473 2372 673 2441 munimentis,
691 2388 766 2450 quae
780 2371 918 2432 dicuntur
930 2372 972 2432 St.
985 2371 1083 2440 Folio,
1100 2371 1142 2432 St.
1154 2371 1239 2431 Cdme

119 2479 150 2530 et
170 2471 212 2535 St.
235 2473 397 2555 Fronpois,
427 2478 472 2533 est
493 2472 636 2552 disposita
664 2480 694 2536 et
720 2475 767 2556 ita.
782 2475 813 2533 in
836 2491 938 2534 muros
960 2473 1090 2544 inclusa,
1115 2480 1147 2534 ut
1168 2491 1238 2552 pars

117 2572 233 2654 sculpta
255 2575 434 2653 inscriptave
458 2575 643 2636 extrinsecus
668 2581 846 2645 verteretur,
871 2593 929 2654 qua
951 2578 1065 2640 ratione
1082 2577 1133 2654 qui
1156 2582 1237 2636 extra

117 2682 219 2754 portas
234 2682 321 2744 stant,
337 2675 476 2737 adversas
491 2675 636 2736 haberent
650 2677 870 2756 inscriptiones.
901 2677 998 2738 Nihilo
1014 2684 1114 2739 tamen
1129 2678 1236 2746 minus

119 2790 188 2836 cum
206 2784 397 2838 monumenta
415 2776 465 2837 illa
491 2797 624 2840 summos
641 2797 744 2840 muros
762 2780 881 2856 cingant
904 2785 933 2838 et
953 2780 1032 2840 lossa
1056 2798 1158 2840 muros
1180 2780 1237 2838 cir·

120 2877 247 2946 cumdet‚
265 2879 435 2939 difficillime
451 2885 566 2941 tantum
582 2886 611 2939 et
626 2881 681 2940 nisi
698 2879 755 2940 alta
770 2869 926 2940 moenibus
941 2879 1137 2942 admoventur
1153 2877 1237 2939 tabu·

119 2979 187 3048 lata,
205 2998 241 3040 ex
259 2980 415 3041 intervallo
431 2983 501 3042 satis
513 2998 620 3059 magno
631 2981 781 3059 leguntur.
811 2982 893 3052 Quae
907 3000 975 3041 cum
990 2982 1031 3042 ita
1045 2982 1114 3048 sint,
1132 2981 1157 3040 si
1172 2980 1238 3056 quis

117 3099 244 3161 peregre
266 3080 435 3142 Narbonem
452 3085 573 3143 venicus
592 3101 690 3163 neque
705 3083 830 3144 multum
849 3084 994 3162 temporis
1008 3088 1108 3161 potest
1122 3083 1154 3142 in
1172 3099 1237 3140 eam

117 3201 181 3244 rem
201 3183 375 3262 impendere
396 3203 493 3264 neque
514 3192 657 3264 apparatu
680 3185 716 3245 ad
740 3184 796 3245 tale
819 3202 893 3263 opus
914 3183 1083 3244 necessario
1105 3184 1237 3244 munitus

118 3291 172 3355 est,
194 3287 224 3345 in
241 3284 413 3362 colligendis
435 3305 470 3346 ex
486 3287 559 3365 ipsis
574 3285 732 3347 moenibus
755 3285 848 3347 titulis
865 3294 894 3347 et
915 3285 1116 3346 monumentis
1131 3301 1237 3364 parum

118 3387 261 3466 proficiet.
302 3389 340 3448 At
357 3389 436 3448 inter
457 3389 538 3467 ipsos
555 3387 764 3449 Narbonenses
785 3387 855 3448 inde
876 3386 912 3448 ab
935 3388 1035 3466 operis
1059 3385 1138 3447 illius
1162 3393 1236 3446 tem·

119 3506 193 3567 pore
214 3507 275 3548 non
298 3487 466 3558 deluerunt,
490 3491 540 3569 qui
563 3488 736 3568 colligendis
749 3508 797 3561 ,ex
819 3489 975 3552 moenibus
995 3486 1238 3567 inscriptionibus

3 3651 4 3658 χ
120 3607 242 3668 operam
265 3589 370 3650 darent
393 3590 590 3668 collectasque
613 3589 698 3653 libris
720 3592 930 3671 manuscriptis
952 3591 1118 3670 posteritati
1138 3589 1236 3650 trade·

4 3687 6 3722 ³
115 3697 193 3752 rent.
238 3692 372 3762 Quorum
394 3691 538 3753 librorum
563 3700 592 3752 et
614 3692 837 3770 antiquissimus
856 3700 885 3754 et
903 3693 1078 3754 utilissimus
1101 3690 1236 3752 attribui-

70 3797 74 3804 '
116 3799 166 3853 tur
188 3792 240 3852 uni
263 3811 297 3853 ex
320 3792 489 3854 architectis
513 3813 529 3855 a
550 3794 710 3856 Francisco
734 3795 747 3855 l
769 3794 907 3857 adhibitis
929 3796 1049 3855 nomine
1065 3793 1236 3870 Garrigues,

117 3895 167 3972 qui
197 3901 315 3974 portam
344 3879 469 3955 munivit
498 3895 606 3957 dictam
635 3899 666 3956 ln
694 3903 780 3972 porte
805 3899 842 3958 de
867 3898 1057 3972 Perpr'pnon:
1085 3896 1136 3972 qui
1162 3911 1237 3971 quae

120 3997 313 4075 conscripsit,
343 4015 377 4057 ea
402 3997 494 4058 Millin
523 3999 672 4076 reperisse
701 4016 734 4058 se
761 3997 833 4058 dicit
861 3997 939 4077 apud
967 3999 1060 4058 civem
1089 3993 1237 4073 quendam

118 4097 357 4167 Narbonensem,
381 4089 590 4177 inscriptiones
613 4098 725 4159 scilicet
747 4099 890 4159 ducentas
913 4097 1140 4176 quinquaginta,
1164 4097 1236 4155 ima·

117 4200 202 4277 gines
225 4218 350 4279 operum
374 4199 559 4279 sculptorum
582 4199 715 4278 depictas
743 4201 877 4276 triginta;
906 4201 956 4278 qui
978 4198 1054 4261 liber
1076 4196 1127 4257 ubi
1149 4196 1236 4256 hodie

117 4303 168 4370 sit,
197 4319 258 4362 non
287 4302 435 4380 comperi,
467 4301 519 4361 sed
549 4320 585 4361 ex
614 4319 648 4361 eo
673 4300 854 4379 Scaligerum
884 4300 974 4361 credo
1002 4299 1139 4360 hausisse
1162 4315 1236 4377 quae

116 4401 245 4462 Grutero
261 4401 428 4481 descripsit.
467 4403 626 4463 Praeterea
648 4401 741 4463 Millin
758 4403 789 4462 in
806 4400 985 4476 bibliotheca
1006 4400 1092 4464 urbis
1114 4401 1234 4462 Carcas·
1259 4410 1261 4416 ’

166 4533 284 4586 Herzog,
304 4533 387 4574 Galliac
401 4533 468 4578 Narb.
481 4534 549 4577 deser.
640 4525 649 4543 ⁸
1013 4510 1030 4569 Ῑ
