<?xml version="1.0" encoding="UTF-8"?>
<!DOCTYPE html PUBLIC "-//W3C//DTD XHTML 1.0 Transitional//EN"
    "http://www.w3.org/TR/xhtml1/DTD/xhtml1-transitional.dtd">
<html xmlns="http://www.w3.org/1999/xhtml" xml:lang="en" lang="en">
 <head>
  <title>
</title>
<meta http-equiv="Content-Type" content="text/html;charset=utf-8" />
  <meta name='ocr-system' content='tesseract 3.04.00' />
  <meta name='ocr-capabilities' content='ocr_page ocr_carea ocr_par ocr_line ocrx_word'/>
</head>
<body>
  <div class='ocr_page' id='page_1' title='image "./galliaenarbonen01herzgoog_0222.png"; bbox 0 0 3148 5160; ppageno 0'>
   <div class='ocr_carea' id='block_1_1' title="bbox 355 451 1080 518">
    <p class='ocr_par' dir='ltr' id='par_1_1' title="bbox 355 451 1080 518">
     <span class='ocr_line' id='line_1_1' title="bbox 355 451 1080 518; baseline -0.011 -2"><span class='ocrx_word' id='word_1_1' title='bbox 355 455 416 518; x_wconf 84' lang='lat'><strong>206</strong></span> <span class='ocrx_word' id='word_1_2' title='bbox 747 453 831 510; x_wconf 79' lang='lat' dir='ltr'><strong>etus</strong></span> <span class='ocrx_word' id='word_1_3' title='bbox 853 453 883 509; x_wconf 93' lang='lat' dir='ltr'><strong>ll.</strong></span> <span class='ocrx_word' id='word_1_4' title='bbox 920 453 1027 510; x_wconf 78' lang='lat' dir='ltr'><strong>clevi</strong></span> <span class='ocrx_word' id='word_1_5' title='bbox 1049 451 1080 508; x_wconf 89' lang='lat' dir='ltr'><strong>ll.</strong></span> 
     </span>
    </p>
   </div>
   <div class='ocr_carea' id='block_1_2' title="bbox 350 615 1461 1206">
    <p class='ocr_par' dir='ltr' id='par_1_2' title="bbox 350 615 1461 1206">
     <span class='ocr_line' id='line_1_2' title="bbox 353 615 1461 699; baseline 0.002 -21"><span class='ocrx_word' id='word_1_6' title='bbox 353 619 529 696; x_wconf 87' lang='lat' dir='ltr'><strong>praesertim</strong></span> <span class='ocrx_word' id='word_1_7' title='bbox 557 637 624 680; x_wconf 91' lang='lat' dir='ltr'><strong>cum</strong></span> <span class='ocrx_word' id='word_1_8' title='bbox 653 625 813 697; x_wconf 86' lang='lat' dir='ltr'><strong>utrumque</strong></span> <span class='ocrx_word' id='word_1_9' title='bbox 840 637 935 696; x_wconf 79' lang='lat' dir='ltr'><strong>genus</strong></span> <span class='ocrx_word' id='word_1_10' title='bbox 963 618 999 678; x_wconf 92' lang='lat' dir='ltr'><strong>ad</strong></span> <span class='ocrx_word' id='word_1_11' title='bbox 1027 636 1118 678; x_wconf 89' lang='lat' dir='ltr'><strong>unum</strong></span> <span class='ocrx_word' id='word_1_12' title='bbox 1148 618 1287 696; x_wconf 80' lang='lat' dir='ltr'><strong>idemque</strong></span> <span class='ocrx_word' id='word_1_13' title='bbox 1317 615 1461 699; x_wconf 79' lang='lat' dir='ltr'><strong>exemplar</strong></span> 
     </span>
     <span class='ocr_line' id='line_1_3' title="bbox 353 709 1461 799; baseline 0.002 -19"><span class='ocrx_word' id='word_1_14' title='bbox 353 709 431 780; x_wconf 86' lang='lat' dir='ltr'><strong>esset</strong></span> <span class='ocrx_word' id='word_1_15' title='bbox 445 721 647 791; x_wconf 89' lang='lat' dir='ltr'><strong>constitutum,</strong></span> <span class='ocrx_word' id='word_1_16' title='bbox 665 720 834 799; x_wconf 81' lang='lat' dir='ltr'><strong>exemplum</strong></span> <span class='ocrx_word' id='word_1_17' title='bbox 850 719 962 781; x_wconf 88' lang='lat' dir='ltr'><strong>scilicet</strong></span> <span class='ocrx_word' id='word_1_18' title='bbox 980 719 1158 799; x_wconf 83' lang='lat' dir='ltr'>oppidorum</span> <span class='ocrx_word' id='word_1_19' title='bbox 1174 722 1283 782; x_wconf 86' lang='lat' dir='ltr'><strong>veteris</strong></span> <span class='ocrx_word' id='word_1_20' title='bbox 1301 721 1386 782; x_wconf 89' lang='lat' dir='ltr'><strong>Latii.</strong></span> <span class='ocrx_word' id='word_1_21' title='bbox 1411 721 1461 782; x_wconf 89' lang='lat' dir='ltr'><strong>lta·</strong></span> 
     </span>
     <span class='ocr_line' id='line_1_4' title="bbox 352 821 1459 900; baseline 0.002 -20"><span class='ocrx_word' id='word_1_22' title='bbox 352 839 410 898; x_wconf 92' lang='lat' dir='ltr'><strong>que</strong></span> <span class='ocrx_word' id='word_1_23' title='bbox 438 823 530 882; x_wconf 52' lang='lat' dir='ltr'><strong>casui*</strong></span> <span class='ocrx_word' id='word_1_24' title='bbox 545 829 660 882; x_wconf 89' lang='lat' dir='ltr'><strong>tantum</strong></span> <span class='ocrx_word' id='word_1_25' title='bbox 689 821 872 891; x_wconf 73' lang='lat' dir='ltr'><strong>attribuetis,</strong></span> <span class='ocrx_word' id='word_1_26' title='bbox 904 821 982 898; x_wconf 90' lang='lat' dir='ltr'><strong>quod</strong></span> <span class='ocrx_word' id='word_1_27' title='bbox 1012 821 1166 898; x_wconf 90' lang='lat' dir='ltr'><strong>bucusque</strong></span> <span class='ocrx_word' id='word_1_28' title='bbox 1194 840 1291 900; x_wconf 88' lang='lat' dir='ltr'><strong>neque</strong></span> <span class='ocrx_word' id='word_1_29' title='bbox 1312 825 1343 882; x_wconf 92' lang='lat' dir='ltr'><strong>in</strong></span> <span class='ocrx_word' id='word_1_30' title='bbox 1366 829 1459 884; x_wconf 86' lang='lat' dir='ltr'><strong>nostm</strong></span> 
     </span>
     <span class='ocr_line' id='line_1_5' title="bbox 351 922 1459 1002; baseline 0.003 -20"><span class='ocrx_word' id='word_1_31' title='bbox 351 923 502 1001; x_wconf 87' lang='lat' dir='ltr'><strong>provincia</strong></span> <span class='ocrx_word' id='word_1_32' title='bbox 518 940 616 1000; x_wconf 88' lang='lat' dir='ltr'><strong>neque</strong></span> <span class='ocrx_word' id='word_1_33' title='bbox 638 922 707 984; x_wconf 90' lang='lat' dir='ltr'><strong>alibi</strong></span> <span class='ocrx_word' id='word_1_34' title='bbox 730 923 838 1002; x_wconf 92' lang='lat' dir='ltr'><strong>oppida</strong></span> <span class='ocrx_word' id='word_1_35' title='bbox 859 930 985 1002; x_wconf 80' lang='lat' dir='ltr'><strong>possunt</strong></span> <span class='ocrx_word' id='word_1_36' title='bbox 1006 925 1182 993; x_wconf 87' lang='lat' dir='ltr'><strong>monstrari,</strong></span> <span class='ocrx_word' id='word_1_37' title='bbox 1207 941 1282 1002; x_wconf 88' lang='lat' dir='ltr'><strong>quae</strong></span> <span class='ocrx_word' id='word_1_38' title='bbox 1306 932 1389 984; x_wconf 88' lang='lat' dir='ltr'><strong>certo</strong></span> <span class='ocrx_word' id='word_1_39' title='bbox 1410 942 1459 1002; x_wconf 88' lang='lat' dir='ltr'><strong>pro</strong></span> 
     </span>
     <span class='ocr_line' id='line_1_6' title="bbox 351 1023 1458 1106; baseline 0.003 -23"><span class='ocrx_word' id='word_1_40' title='bbox 351 1024 457 1085; x_wconf 86' lang='lat' dir='ltr'><strong>civium</strong></span> <span class='ocrx_word' id='word_1_41' title='bbox 473 1024 677 1086; x_wconf 89' lang='lat' dir='ltr'><strong>Romanorum</strong></span> <span class='ocrx_word' id='word_1_42' title='bbox 698 1025 815 1104; x_wconf 82' lang='lat' dir='ltr'><strong>oppidis</strong></span> <span class='ocrx_word' id='word_1_43' title='bbox 836 1023 972 1085; x_wconf 89' lang='lat' dir='ltr'><strong>habenda</strong></span> <span class='ocrx_word' id='word_1_44' title='bbox 993 1025 1138 1106; x_wconf 86' lang='lat' dir='ltr'><strong>populum</strong></span> <span class='ocrx_word' id='word_1_45' title='bbox 1156 1024 1314 1086; x_wconf 80' lang='lat' dir='ltr'><strong>exhibeant</strong></span> <span class='ocrx_word' id='word_1_46' title='bbox 1329 1027 1458 1086; x_wconf 90' lang='lat' dir='ltr'><strong>curiatim</strong></span> 
     </span>
     <span class='ocr_line' id='line_1_7' title="bbox 350 1125 1456 1206; baseline 0 -20"><span class='ocrx_word' id='word_1_47' title='bbox 350 1125 543 1204; x_wconf 86' lang='lat' dir='ltr'><strong>descriptum.</strong></span> <span class='ocrx_word' id='word_1_48' title='bbox 596 1127 632 1186; x_wconf 84' lang='lat' dir='ltr'><strong>At</strong></span> <span class='ocrx_word' id='word_1_49' title='bbox 653 1127 864 1205; x_wconf 82' lang='lat' dir='ltr'><strong>inscriptiones</strong></span> <span class='ocrx_word' id='word_1_50' title='bbox 887 1135 1003 1188; x_wconf 89' lang='lat' dir='ltr'><strong>nostras</strong></span> <span class='ocrx_word' id='word_1_51' title='bbox 1026 1144 1188 1204; x_wconf 89' lang='lat' dir='ltr'><strong>rerumque</strong></span> <span class='ocrx_word' id='word_1_52' title='bbox 1210 1129 1373 1206; x_wconf 81' lang='lat' dir='ltr'><strong>scriptores</strong></span> <span class='ocrx_word' id='word_1_53' title='bbox 1395 1145 1456 1206; x_wconf 91' lang='lat' dir='ltr'><strong>per·</strong></span> 
     </span>
    </p>
   </div>
   <div class='ocr_carea' id='block_1_3' title="bbox 249 1227 1457 1306">
    <p class='ocr_par' dir='ltr' id='par_1_3' title="bbox 249 1227 1457 1306">
     <span class='ocr_line' id='line_1_8' title="bbox 249 1227 1457 1306; baseline 0 -19"><span class='ocrx_word' id='word_1_54' title='bbox 249 1255 251 1258; x_wconf 95' lang='lat'>·</span> <span class='ocrx_word' id='word_1_55' title='bbox 349 1229 473 1288; x_wconf 88' lang='lat' dir='ltr'><strong>scrutati</strong></span> <span class='ocrx_word' id='word_1_56' title='bbox 506 1227 562 1287; x_wconf 91' lang='lat' dir='ltr'><strong>alia</strong></span> <span class='ocrx_word' id='word_1_57' title='bbox 590 1227 734 1306; x_wconf 87' lang='lat' dir='ltr'><strong>quaedam</strong></span> <span class='ocrx_word' id='word_1_58' title='bbox 763 1229 885 1306; x_wconf 82' lang='lat' dir='ltr'><strong>vestigia</strong></span> <span class='ocrx_word' id='word_1_59' title='bbox 918 1229 1105 1290; x_wconf 86' lang='lat' dir='ltr'><strong>comitiorum</strong></span> <span class='ocrx_word' id='word_1_60' title='bbox 1140 1230 1170 1288; x_wconf 89' lang='lat' dir='ltr'><strong>in</strong></span> <span class='ocrx_word' id='word_1_61' title='bbox 1200 1229 1322 1289; x_wconf 89' lang='lat' dir='ltr'><strong>coloniis</strong></span> <span class='ocrx_word' id='word_1_62' title='bbox 1356 1229 1457 1288; x_wconf 76' lang='lat' dir='ltr'><strong>civium</strong></span> 
     </span>
    </p>
   </div>
   <div class='ocr_carea' id='block_1_4' title="bbox 287 1327 1457 3841">
    <p class='ocr_par' dir='ltr' id='par_1_4' title="bbox 287 1327 1457 3841">
     <span class='ocr_line' id='line_1_9' title="bbox 349 1327 1457 1406; baseline 0 -18"><span class='ocrx_word' id='word_1_63' title='bbox 349 1327 550 1389; x_wconf 89' lang='lat' dir='ltr'><strong>Romanorum</strong></span> <span class='ocrx_word' id='word_1_64' title='bbox 566 1328 652 1388; x_wconf 88' lang='lat' dir='ltr'><strong>nobis</strong></span> <span class='ocrx_word' id='word_1_65' title='bbox 669 1328 802 1388; x_wconf 90' lang='lat' dir='ltr'><strong>videmur</strong></span> <span class='ocrx_word' id='word_1_66' title='bbox 824 1327 1071 1406; x_wconf 84' lang='lat' dir='ltr'><strong>deprehendisse,</strong></span> <span class='ocrx_word' id='word_1_67' title='bbox 1096 1329 1282 1390; x_wconf 90' lang='lat' dir='ltr'><strong>candidatum</strong></span> <span class='ocrx_word' id='word_1_68' title='bbox 1298 1331 1457 1406; x_wconf 91' lang='lat' dir='ltr'><strong>quinquen-</strong></span> 
     </span>
     <span class='ocr_line' id='line_1_10' title="bbox 349 1429 1457 1511; baseline 0.002 -23"><span class='ocrx_word' id='word_1_69' title='bbox 349 1429 446 1491; x_wconf 85' lang='lat' dir='ltr'><strong>nalem</strong></span> <span class='ocrx_word' id='word_1_70' title='bbox 468 1429 670 1490; x_wconf 85' lang='lat' dir='ltr'><strong>Arelatensem</strong></span> <span class='ocrx_word' id='word_1_71' title='bbox 695 1431 770 1511; x_wconf 87' lang='lat' dir='ltr'><strong>(app.</strong></span> <span class='ocrx_word' id='word_1_72' title='bbox 794 1448 823 1489; x_wconf 90' lang='lat' dir='ltr'><strong>n.</strong></span> <span class='ocrx_word' id='word_1_73' title='bbox 849 1429 937 1505; x_wconf 86' lang='lat'>325),</span> <span class='ocrx_word' id='word_1_74' title='bbox 968 1431 1019 1506; x_wconf 88' lang='lat' dir='ltr'><strong>qui</strong></span> <span class='ocrx_word' id='word_1_75' title='bbox 1040 1429 1245 1509; x_wconf 81' lang='lat' dir='ltr'><strong>largitionibus</strong></span> <span class='ocrx_word' id='word_1_76' title='bbox 1272 1429 1373 1510; x_wconf 90' lang='lat' dir='ltr'><strong>populi</strong></span> <span class='ocrx_word' id='word_1_77' title='bbox 1402 1431 1457 1490; x_wconf 90' lang='lat' dir='ltr'><strong>sul·</strong></span> 
     </span>
     <span class='ocr_line' id='line_1_11' title="bbox 348 1529 1456 1608; baseline -0.001 -18"><span class='ocrx_word' id='word_1_78' title='bbox 348 1529 441 1607; x_wconf 82' lang='lat' dir='ltr'><strong>fragia</strong></span> <span class='ocrx_word' id='word_1_79' title='bbox 463 1531 550 1607; x_wconf 89' lang='lat' dir='ltr'><strong>petit,</strong></span> <span class='ocrx_word' id='word_1_80' title='bbox 574 1530 681 1591; x_wconf 89' lang='lat' dir='ltr'><strong>deinde</strong></span> <span class='ocrx_word' id='word_1_81' title='bbox 704 1531 905 1592; x_wconf 90' lang='lat' dir='ltr'><strong>dissensiones</strong></span> <span class='ocrx_word' id='word_1_82' title='bbox 927 1529 993 1592; x_wconf 89' lang='lat' dir='ltr'><strong>illas</strong></span> <span class='ocrx_word' id='word_1_83' title='bbox 1016 1533 1248 1601; x_wconf 86' lang='lat' dir='ltr'><strong>Viennensium,</strong></span> <span class='ocrx_word' id='word_1_84' title='bbox 1278 1549 1351 1608; x_wconf 89' lang='lat' dir='ltr'><strong>quas</strong></span> <span class='ocrx_word' id='word_1_85' title='bbox 1373 1550 1390 1591; x_wconf 91' lang='lat' dir='ltr'><strong>a</strong></span> <span class='ocrx_word' id='word_1_86' title='bbox 1413 1531 1456 1590; x_wconf 82' lang='lat' dir='ltr'><strong>li·</strong></span> 
     </span>
     <span class='ocr_line' id='line_1_12' title="bbox 287 1630 1457 1712; baseline 0.002 -22"><span class='ocrx_word' id='word_1_87' title='bbox 287 1658 288 1662; x_wconf 39' lang='lat'>¹</span> <span class='ocrx_word' id='word_1_88' title='bbox 348 1630 432 1691; x_wconf 90' lang='lat' dir='ltr'><strong>berio</strong></span> <span class='ocrx_word' id='word_1_89' title='bbox 455 1631 580 1692; x_wconf 84' lang='lat' dir='ltr'><strong>Caesare</strong></span> <span class='ocrx_word' id='word_1_90' title='bbox 603 1650 680 1692; x_wconf 86' lang='lat' dir='ltr'><strong>anno</strong></span> <span class='ocrx_word' id='word_1_91' title='bbox 702 1650 731 1712; x_wconf 96' lang='lat' dir='ltr'><strong>p.</strong></span> <span class='ocrx_word' id='word_1_92' title='bbox 750 1631 801 1693; x_wconf 86' lang='lat' dir='ltr'><strong>Ch.</strong></span> <span class='ocrx_word' id='word_1_93' title='bbox 821 1639 856 1697; x_wconf 94' lang='lat'><strong>11</strong></span> <span class='ocrx_word' id='word_1_94' title='bbox 883 1632 998 1693; x_wconf 87' lang='lat' dir='ltr'><strong>sedatas</strong></span> <span class='ocrx_word' id='word_1_95' title='bbox 1021 1651 1087 1693; x_wconf 91' lang='lat' dir='ltr'><strong>esse</strong></span> <span class='ocrx_word' id='word_1_96' title='bbox 1109 1634 1203 1694; x_wconf 82' lang='lat' dir='ltr'><strong>refert</strong></span> <span class='ocrx_word' id='word_1_97' title='bbox 1216 1632 1346 1693; x_wconf 90' lang='lat' dir='ltr'><strong>Velleius</strong></span> <span class='ocrx_word' id='word_1_98' title='bbox 1360 1632 1457 1693; x_wconf 89' lang='lat' dir='ltr'><strong>Pater·</strong></span> 
     </span>
     <span class='ocr_line' id='line_1_13' title="bbox 349 1728 1456 1812; baseline 0 -21"><span class='ocrx_word' id='word_1_99' title='bbox 349 1728 505 1811; x_wconf 79' lang='lat' dir='ltr'><strong>culus¹²²),</strong></span> <span class='ocrx_word' id='word_1_100' title='bbox 528 1739 695 1812; x_wconf 90' lang='lat' dir='ltr'><strong>postremo,</strong></span> <span class='ocrx_word' id='word_1_101' title='bbox 720 1733 756 1794; x_wconf 93' lang='lat' dir='ltr'><strong>de</strong></span> <span class='ocrx_word' id='word_1_102' title='bbox 780 1751 837 1810; x_wconf 90' lang='lat' dir='ltr'><strong>qua</strong></span> <span class='ocrx_word' id='word_1_103' title='bbox 860 1751 893 1793; x_wconf 89' lang='lat' dir='ltr'><strong>re</strong></span> <span class='ocrx_word' id='word_1_104' title='bbox 916 1733 1033 1811; x_wconf 82' lang='lat' dir='ltr'><strong>longius</strong></span> <span class='ocrx_word' id='word_1_105' title='bbox 1057 1739 1102 1793; x_wconf 89' lang='lat' dir='ltr'><strong>est</strong></span> <span class='ocrx_word' id='word_1_106' title='bbox 1123 1734 1340 1803; x_wconf 88' lang='lat' dir='ltr'><strong>disserendum,</strong></span> <span class='ocrx_word' id='word_1_107' title='bbox 1364 1733 1456 1793; x_wconf 91' lang='lat' dir='ltr'><strong>locum</strong></span> 
     </span>
     <span class='ocr_line' id='line_1_14' title="bbox 346 1833 1457 1914; baseline -0.001 -20"><span class='ocrx_word' id='word_1_108' title='bbox 346 1833 430 1895; x_wconf 92' lang='lat' dir='ltr'><strong>illum</strong></span> <span class='ocrx_word' id='word_1_109' title='bbox 463 1833 541 1894; x_wconf 89' lang='lat' dir='ltr'><strong>tituli</strong></span> <span class='ocrx_word' id='word_1_110' title='bbox 574 1853 641 1894; x_wconf 88' lang='lat' dir='ltr'><strong>arae</strong></span> <span class='ocrx_word' id='word_1_111' title='bbox 675 1834 876 1896; x_wconf 87' lang='lat' dir='ltr'><strong>Narbonensis</strong></span> <span class='ocrx_word' id='word_1_112' title='bbox 915 1835 959 1913; x_wconf 92' lang='lat' dir='ltr'><strong>(n.</strong></span> <span class='ocrx_word' id='word_1_113' title='bbox 991 1842 1018 1900; x_wconf 87' lang='lat'><strong>1.</strong></span> <span class='ocrx_word' id='word_1_114' title='bbox 1053 1833 1108 1894; x_wconf 91' lang='lat' dir='ltr'><strong>col.</strong></span> <span class='ocrx_word' id='word_1_115' title='bbox 1144 1834 1166 1894; x_wconf 89' lang='grc' dir='ltr'><strong>Ι.</strong></span> <span class='ocrx_word' id='word_1_116' title='bbox 1196 1833 1375 1914; x_wconf 77' lang='lat'><strong>29—31),</strong></span> <span class='ocrx_word' id='word_1_117' title='bbox 1411 1833 1457 1894; x_wconf 93' lang='lat' dir='ltr'><strong>ubi</strong></span> 
     </span>
     <span class='ocr_line' id='line_1_15' title="bbox 345 1935 1457 2020; baseline -0.002 -24"><span class='ocrx_word' id='word_1_118' title='bbox 345 1936 486 1996; x_wconf 89' lang='lat' dir='ltr'><strong>dicuntur</strong></span> <span class='ocrx_word' id='word_1_119' title='bbox 509 1938 705 1997; x_wconf 84' lang='lat' dir='ltr'><strong>caerimoniae</strong></span> <span class='ocrx_word' id='word_1_120' title='bbox 727 1938 757 1996; x_wconf 92' lang='lat' dir='ltr'><strong>in</strong></span> <span class='ocrx_word' id='word_1_121' title='bbox 780 1935 924 2020; x_wconf 85' lang='lat' dir='ltr'><strong>bonorem</strong></span> <span class='ocrx_word' id='word_1_122' title='bbox 947 1938 1072 2013; x_wconf 79' lang='lat' dir='ltr'><strong>Augusti</strong></span> <span class='ocrx_word' id='word_1_123' title='bbox 1094 1935 1231 1998; x_wconf 87' lang='lat' dir='ltr'><strong>decretae</strong></span> <span class='ocrx_word' id='word_1_124' title='bbox 1253 1955 1321 1997; x_wconf 90' lang='lat' dir='ltr'><strong>cum</strong></span> <span class='ocrx_word' id='word_1_125' title='bbox 1344 1936 1383 1996; x_wconf 95' lang='lat' dir='ltr'><strong>ob</strong></span> <span class='ocrx_word' id='word_1_126' title='bbox 1406 1935 1457 1996; x_wconf 89' lang='lat' dir='ltr'><strong>alia</strong></span> 
     </span>
     <span class='ocr_line' id='line_1_16' title="bbox 346 2027 1456 2117; baseline 0.001 -21"><span class='ocrx_word' id='word_1_127' title='bbox 346 2044 409 2097; x_wconf 92' lang='lat' dir='ltr'><strong>tum</strong></span> <span class='ocrx_word' id='word_1_128' title='bbox 437 2037 515 2115; x_wconf 91' lang='lat' dir='ltr'><strong>quod</strong></span> <span class='ocrx_word' id='word_1_129' title='bbox 550 2040 576 2098; x_wconf 92' lang='lat' dir='ltr'><strong>is</strong></span> <span class='ocrx_word' id='word_1_130' title='bbox 607 2040 772 2116; x_wconf 85' lang='lat' dir='ltr'><strong>imperator</strong></span> <span class='ocrx_word' id='word_1_131' title='bbox 801 2027 840 2098; x_wconf 65' lang='lat' dir='ltr'><strong>T.</strong></span> <span class='ocrx_word' id='word_1_132' title='bbox 860 2037 974 2098; x_wconf 85' lang='lat' dir='ltr'><strong>Statilio</strong></span> <span class='ocrx_word' id='word_1_133' title='bbox 989 2038 1103 2099; x_wconf 77' lang='lat' dir='ltr'><strong>&#39;Tauro</strong></span> <span class='ocrx_word' id='word_1_134' title='bbox 1131 2038 1168 2098; x_wconf 92' lang='lat' dir='ltr'><strong>M.</strong></span> <span class='ocrx_word' id='word_1_135' title='bbox 1196 2038 1319 2100; x_wconf 83' lang='lat' dir='ltr'><strong>Aemilio</strong></span> <span class='ocrx_word' id='word_1_136' title='bbox 1349 2035 1456 2117; x_wconf 85' lang='lat' dir='ltr'><strong>Lepido</strong></span> 
     </span>
     <span class='ocr_line' id='line_1_17' title="bbox 345 2136 1455 2220; baseline -0.003 -21"><span class='ocrx_word' id='word_1_137' title='bbox 345 2157 407 2201; x_wconf 92' lang='lat' dir='ltr'><strong>cos.</strong></span> <span class='ocrx_word' id='word_1_138' title='bbox 433 2141 462 2220; x_wconf 84' lang='lat' dir='ltr'><strong>(i.</strong></span> <span class='ocrx_word' id='word_1_139' title='bbox 481 2157 507 2199; x_wconf 90' lang='lat' dir='ltr'><strong>e.</strong></span> <span class='ocrx_word' id='word_1_140' title='bbox 531 2158 556 2200; x_wconf 87' lang='lat' dir='ltr'><strong>a.</strong></span> <span class='ocrx_word' id='word_1_141' title='bbox 581 2158 609 2218; x_wconf 94' lang='lat' dir='ltr'><strong>p.</strong></span> <span class='ocrx_word' id='word_1_142' title='bbox 628 2136 679 2199; x_wconf 86' lang='lat' dir='ltr'><strong>Ch.</strong></span> <span class='ocrx_word' id='word_1_143' title='bbox 700 2141 750 2217; x_wconf 78' lang='lat'><strong>11)</strong></span> <span class='ocrx_word' id='word_1_144' title='bbox 773 2141 886 2200; x_wconf 82' lang='lat' dir='ltr'><strong>indicio</strong></span> <span class='ocrx_word' id='word_1_145' title='bbox 905 2141 1000 2214; x_wconf 87' lang='lat' dir='ltr'><strong>plebis</strong></span> <span class='ocrx_word' id='word_1_146' title='bbox 1021 2140 1229 2200; x_wconf 81' lang='lat' dir='ltr'><strong>decurionibus</strong></span> <span class='ocrx_word' id='word_1_147' title='bbox 1250 2143 1455 2200; x_wconf 79' lang='lat' dir='ltr'><strong>coniunxisset.</strong></span> 
     </span>
     <span class='ocr_line' id='line_1_18' title="bbox 332 2222 1457 2320; baseline -0.002 -20"><span class='ocrx_word' id='word_1_148' title='bbox 332 2222 469 2300; x_wconf 73' lang='lat' dir='ltr'><strong>&#39;Difficile</strong></span> <span class='ocrx_word' id='word_1_149' title='bbox 490 2240 642 2301; x_wconf 90' lang='lat' dir='ltr'><strong>intellectu</strong></span> <span class='ocrx_word' id='word_1_150' title='bbox 670 2248 740 2302; x_wconf 88' lang='lat' dir='ltr'><strong>sunt</strong></span> <span class='ocrx_word' id='word_1_151' title='bbox 767 2240 840 2302; x_wconf 90' lang='lat' dir='ltr'><strong>haec</strong></span> <span class='ocrx_word' id='word_1_152' title='bbox 872 2242 960 2303; x_wconf 89' lang='lat' dir='ltr'><strong>verba</strong></span> <span class='ocrx_word' id='word_1_153' title='bbox 983 2260 1038 2302; x_wconf 90' lang='lat' dir='ltr'><strong>nec</strong></span> <span class='ocrx_word' id='word_1_154' title='bbox 1066 2243 1175 2302; x_wconf 92' lang='lat' dir='ltr'><strong>mirum</strong></span> <span class='ocrx_word' id='word_1_155' title='bbox 1198 2248 1256 2310; x_wconf 91' lang='lat' dir='ltr'><strong>est,</strong></span> <span class='ocrx_word' id='word_1_156' title='bbox 1285 2241 1380 2320; x_wconf 87' lang='lat' dir='ltr'><strong>quod,</strong></span> <span class='ocrx_word' id='word_1_157' title='bbox 1410 2239 1457 2300; x_wconf 91' lang='lat' dir='ltr'><strong>ubi</strong></span> 
     </span>
     <span class='ocr_line' id='line_1_19' title="bbox 343 2341 1455 2421; baseline 0.001 -21"><span class='ocrx_word' id='word_1_158' title='bbox 343 2341 379 2401; x_wconf 88' lang='lat' dir='ltr'><strong>ad</strong></span> <span class='ocrx_word' id='word_1_159' title='bbox 404 2343 481 2402; x_wconf 91' lang='lat' dir='ltr'><strong>viros</strong></span> <span class='ocrx_word' id='word_1_160' title='bbox 502 2343 576 2402; x_wconf 92' lang='lat' dir='ltr'><strong>iuris</strong></span> <span class='ocrx_word' id='word_1_161' title='bbox 599 2342 723 2404; x_wconf 86' lang='lat' dir='ltr'><strong>Romani</strong></span> <span class='ocrx_word' id='word_1_162' title='bbox 746 2346 858 2421; x_wconf 91' lang='lat' dir='ltr'><strong>peritos</strong></span> <span class='ocrx_word' id='word_1_163' title='bbox 882 2345 1084 2421; x_wconf 81' lang='lat' dir='ltr'><strong>confugimus,</strong></span> <span class='ocrx_word' id='word_1_164' title='bbox 1112 2345 1143 2403; x_wconf 93' lang='lat' dir='ltr'><strong>in</strong></span> <span class='ocrx_word' id='word_1_165' title='bbox 1171 2359 1276 2420; x_wconf 85' lang='lat' dir='ltr'><strong>graves</strong></span> <span class='ocrx_word' id='word_1_166' title='bbox 1298 2343 1455 2403; x_wconf 84' lang='lat' dir='ltr'><strong>incidimus</strong></span> 
     </span>
     <span class='ocr_line' id='line_1_20' title="bbox 344 2440 1454 2524; baseline 0.001 -23"><span class='ocrx_word' id='word_1_167' title='bbox 344 2442 499 2502; x_wconf 89' lang='lat' dir='ltr'><strong>doctorum</strong></span> <span class='ocrx_word' id='word_1_168' title='bbox 523 2445 654 2503; x_wconf 90' lang='lat' dir='ltr'><strong>virorum</strong></span> <span class='ocrx_word' id='word_1_169' title='bbox 678 2444 714 2503; x_wconf 91' lang='lat' dir='ltr'><strong>de</strong></span> <span class='ocrx_word' id='word_1_170' title='bbox 736 2443 792 2505; x_wconf 87' lang='lat' dir='ltr'><strong>hac</strong></span> <span class='ocrx_word' id='word_1_171' title='bbox 814 2464 848 2505; x_wconf 90' lang='lat' dir='ltr'><strong>re</strong></span> <span class='ocrx_word' id='word_1_172' title='bbox 871 2446 1081 2506; x_wconf 91' lang='lat' dir='ltr'><strong>dissensiones.</strong></span> <span class='ocrx_word' id='word_1_173' title='bbox 1114 2444 1188 2504; x_wconf 91' lang='lat' dir='ltr'><strong>Nam</strong></span> <span class='ocrx_word' id='word_1_174' title='bbox 1210 2440 1371 2524; x_wconf 70' lang='lat' dir='ltr'><strong>Keller¹²³l</strong></span> <span class='ocrx_word' id='word_1_175' title='bbox 1395 2445 1454 2521; x_wconf 80' lang='lat' dir='ltr'><strong>qid-</strong></span> 
     </span>
     <span class='ocr_line' id='line_1_21' title="bbox 343 2543 1454 2624; baseline 0.001 -22"><span class='ocrx_word' id='word_1_176' title='bbox 343 2543 410 2603; x_wconf 88' lang='lat' dir='ltr'><strong>dem</strong></span> <span class='ocrx_word' id='word_1_177' title='bbox 433 2543 611 2604; x_wconf 89' lang='lat' dir='ltr'><strong>iudiciorum</strong></span> <span class='ocrx_word' id='word_1_178' title='bbox 634 2545 711 2623; x_wconf 90' lang='lat' dir='ltr'><strong>apud</strong></span> <span class='ocrx_word' id='word_1_179' title='bbox 734 2545 884 2608; x_wconf 86' lang='lat' dir='ltr'><strong>Romanos</strong></span> <span class='ocrx_word' id='word_1_180' title='bbox 907 2546 1020 2606; x_wconf 92' lang='lat' dir='ltr'><strong>ordinis</strong></span> <span class='ocrx_word' id='word_1_181' title='bbox 1047 2547 1193 2624; x_wconf 89' lang='lat' dir='ltr'><strong>imprimis</strong></span> <span class='ocrx_word' id='word_1_182' title='bbox 1219 2547 1336 2622; x_wconf 90' lang='lat' dir='ltr'><strong>peritus</strong></span> <span class='ocrx_word' id='word_1_183' title='bbox 1365 2547 1454 2606; x_wconf 90' lang='lat' dir='ltr'><strong>inter·</strong></span> 
     </span>
     <span class='ocr_line' id='line_1_22' title="bbox 341 2646 1454 2724; baseline 0.001 -21"><span class='ocrx_word' id='word_1_184' title='bbox 341 2651 478 2722; x_wconf 91' lang='lat' dir='ltr'><strong>pretatur</strong></span> <span class='ocrx_word' id='word_1_185' title='bbox 500 2646 540 2704; x_wconf 92' lang='lat' dir='ltr'><strong>ita</strong></span> <span class='ocrx_word' id='word_1_186' title='bbox 563 2652 693 2706; x_wconf 88' lang='lat' dir='ltr'><strong>mutasse</strong></span> <span class='ocrx_word' id='word_1_187' title='bbox 715 2648 881 2724; x_wconf 80' lang='lat' dir='ltr'><strong>Augustum</strong></span> <span class='ocrx_word' id='word_1_188' title='bbox 903 2648 1080 2708; x_wconf 91' lang='lat' dir='ltr'><strong>iudiciorum</strong></span> <span class='ocrx_word' id='word_1_189' title='bbox 1108 2648 1140 2707; x_wconf 93' lang='lat' dir='ltr'><strong>in</strong></span> <span class='ocrx_word' id='word_1_190' title='bbox 1162 2646 1334 2724; x_wconf 87' lang='lat' dir='ltr'><strong>municipiis</strong></span> <span class='ocrx_word' id='word_1_191' title='bbox 1358 2653 1389 2706; x_wconf 91' lang='lat' dir='ltr'><strong>et</strong></span> <span class='ocrx_word' id='word_1_192' title='bbox 1409 2663 1454 2704; x_wconf 93' lang='lat' dir='ltr'><strong>co·</strong></span> 
     </span>
     <span class='ocr_line' id='line_1_23' title="bbox 341 2745 1454 2826; baseline 0 -22"><span class='ocrx_word' id='word_1_193' title='bbox 341 2745 427 2806; x_wconf 90' lang='lat' dir='ltr'><strong>loniis</strong></span> <span class='ocrx_word' id='word_1_194' title='bbox 450 2745 599 2816; x_wconf 88' lang='lat' dir='ltr'><strong>ordinem,</strong></span> <span class='ocrx_word' id='word_1_195' title='bbox 628 2753 662 2806; x_wconf 86' lang='lat' dir='ltr'><strong>ut</strong></span> <span class='ocrx_word' id='word_1_196' title='bbox 689 2749 765 2808; x_wconf 90' lang='lat' dir='ltr'><strong>sicut</strong></span> <span class='ocrx_word' id='word_1_197' title='bbox 787 2748 913 2816; x_wconf 84' lang='lat' dir='ltr'><strong>Romae,</strong></span> <span class='ocrx_word' id='word_1_198' title='bbox 947 2751 977 2809; x_wconf 92' lang='lat' dir='ltr'><strong>in</strong></span> <span class='ocrx_word' id='word_1_199' title='bbox 1004 2749 1041 2808; x_wconf 92' lang='lat' dir='ltr'><strong>iis</strong></span> <span class='ocrx_word' id='word_1_200' title='bbox 1068 2764 1186 2825; x_wconf 88' lang='lat' dir='ltr'><strong>quoque</strong></span> <span class='ocrx_word' id='word_1_201' title='bbox 1213 2745 1295 2826; x_wconf 92' lang='lat' dir='ltr'><strong>plebi</strong></span> <span class='ocrx_word' id='word_1_202' title='bbox 1318 2747 1454 2808; x_wconf 91' lang='lat' dir='ltr'><strong>suumin</strong></span> 
     </span>
     <span class='ocr_line' id='line_1_24' title="bbox 341 2846 1455 2911; baseline -0.001 -4"><span class='ocrx_word' id='word_1_203' title='bbox 341 2846 407 2908; x_wconf 89' lang='lat' dir='ltr'><strong>albo</strong></span> <span class='ocrx_word' id='word_1_204' title='bbox 440 2847 572 2908; x_wconf 90' lang='lat' dir='ltr'><strong>iudicum</strong></span> <span class='ocrx_word' id='word_1_205' title='bbox 603 2848 702 2909; x_wconf 87' lang='lat' dir='ltr'><strong>locum</strong></span> <span class='ocrx_word' id='word_1_206' title='bbox 736 2849 829 2910; x_wconf 88' lang='lat' dir='ltr'><strong>daret.</strong></span> <span class='ocrx_word' id='word_1_207' title='bbox 881 2850 990 2911; x_wconf 83' lang='lat' dir='ltr'><strong>Contra</strong></span> <span class='ocrx_word' id='word_1_208' title='bbox 1018 2848 1144 2910; x_wconf 84' lang='lat' dir='ltr'><strong>Rudorli</strong></span> <span class='ocrx_word' id='word_1_209' title='bbox 1173 2850 1204 2908; x_wconf 93' lang='lat' dir='ltr'><strong>in</strong></span> <span class='ocrx_word' id='word_1_210' title='bbox 1230 2846 1356 2910; x_wconf 86' lang='lat' dir='ltr'><strong>historia</strong></span> <span class='ocrx_word' id='word_1_211' title='bbox 1385 2848 1455 2908; x_wconf 88' lang='lat' dir='ltr'><strong>iuris</strong></span> 
     </span>
     <span class='ocr_line' id='line_1_25' title="bbox 340 2946 1454 3028; baseline -0.002 -19"><span class='ocrx_word' id='word_1_212' title='bbox 340 2948 464 3009; x_wconf 87' lang='lat' dir='ltr'><strong>Romani</strong></span> <span class='ocrx_word' id='word_1_213' title='bbox 494 2956 523 3009; x_wconf 93' lang='lat' dir='ltr'><strong>et</strong></span> <span class='ocrx_word' id='word_1_214' title='bbox 548 2950 613 3028; x_wconf 87' lang='lat' dir='ltr'><strong>ipse</strong></span> <span class='ocrx_word' id='word_1_215' title='bbox 641 2949 678 3009; x_wconf 92' lang='lat' dir='ltr'><strong>de</strong></span> <span class='ocrx_word' id='word_1_216' title='bbox 700 2949 757 3010; x_wconf 90' lang='lat' dir='ltr'><strong>boc</strong></span> <span class='ocrx_word' id='word_1_217' title='bbox 785 2950 850 3010; x_wconf 89' lang='lat' dir='ltr'><strong>loeo</strong></span> <span class='ocrx_word' id='word_1_218' title='bbox 879 2968 969 3028; x_wconf 82' lang='lat' dir='ltr'><strong>agens</strong></span> <span class='ocrx_word' id='word_1_219' title='bbox 978 2946 1026 3025; x_wconf 78' lang='grc'><strong>124)</strong></span> <span class='ocrx_word' id='word_1_220' title='bbox 1054 2952 1268 3028; x_wconf 88' lang='lat' dir='ltr'><strong>interpretatur</strong></span> <span class='ocrx_word' id='word_1_221' title='bbox 1290 2951 1454 3027; x_wconf 84' lang='lat' dir='ltr'><strong>Augustum</strong></span> 
     </span>
     <span class='ocr_line' id='line_1_26' title="bbox 340 3050 1455 3131; baseline -0.001 -21"><span class='ocrx_word' id='word_1_222' title='bbox 340 3057 370 3110; x_wconf 91' lang='lat' dir='ltr'><strong>et</strong></span> <span class='ocrx_word' id='word_1_223' title='bbox 391 3050 529 3112; x_wconf 90' lang='lat' dir='ltr'><strong>Narbone</strong></span> <span class='ocrx_word' id='word_1_224' title='bbox 553 3060 582 3110; x_wconf 89' lang='lat' dir='ltr'><strong>et</strong></span> <span class='ocrx_word' id='word_1_225' title='bbox 604 3051 674 3111; x_wconf 90' lang='lat' dir='ltr'><strong>alibi</strong></span> <span class='ocrx_word' id='word_1_226' title='bbox 696 3052 845 3113; x_wconf 91' lang='lat' dir='ltr'><strong>iudicandi</strong></span> <span class='ocrx_word' id='word_1_227' title='bbox 873 3071 981 3112; x_wconf 91' lang='lat' dir='ltr'><strong>munus</strong></span> <span class='ocrx_word' id='word_1_228' title='bbox 1008 3050 1089 3130; x_wconf 90' lang='lat' dir='ltr'><strong>plebi</strong></span> <span class='ocrx_word' id='word_1_229' title='bbox 1117 3051 1286 3131; x_wconf 86' lang='lat' dir='ltr'><strong>ademptum</strong></span> <span class='ocrx_word' id='word_1_230' title='bbox 1315 3051 1455 3112; x_wconf 88' lang='lat' dir='ltr'><strong>tribuisse</strong></span> 
     </span>
     <span class='ocr_line' id='line_1_27' title="bbox 340 3151 1453 3232; baseline -0.001 -20"><span class='ocrx_word' id='word_1_231' title='bbox 340 3152 437 3212; x_wconf 90' lang='lat' dir='ltr'><strong>ordini</strong></span> <span class='ocrx_word' id='word_1_232' title='bbox 459 3152 664 3214; x_wconf 90' lang='lat' dir='ltr'><strong>decurionum.</strong></span> <span class='ocrx_word' id='word_1_233' title='bbox 710 3152 897 3232; x_wconf 75' lang='lat' dir='ltr'><strong>Et&#39;primum</strong></span> <span class='ocrx_word' id='word_1_234' title='bbox 920 3153 1040 3230; x_wconf 89' lang='lat' dir='ltr'><strong>quidem</strong></span> <span class='ocrx_word' id='word_1_235' title='bbox 1069 3160 1205 3231; x_wconf 89' lang='lat' dir='ltr'><strong>apparet,</strong></span> <span class='ocrx_word' id='word_1_236' title='bbox 1229 3151 1368 3212; x_wconf 84' lang='lat' dir='ltr'><strong>Rudorifi</strong></span> <span class='ocrx_word' id='word_1_237' title='bbox 1390 3170 1453 3214; x_wconf 91' lang='lat' dir='ltr'><strong>seu·</strong></span> 
     </span>
     <span class='ocr_line' id='line_1_28' title="bbox 338 3251 1454 3333; baseline -0.001 -20"><span class='ocrx_word' id='word_1_238' title='bbox 338 3255 460 3314; x_wconf 88' lang='lat' dir='ltr'><strong>tentiam</strong></span> <span class='ocrx_word' id='word_1_239' title='bbox 482 3253 551 3314; x_wconf 89' lang='lat' dir='ltr'><strong>inde</strong></span> <span class='ocrx_word' id='word_1_240' title='bbox 573 3252 725 3324; x_wconf 89' lang='lat' dir='ltr'><strong>laborare,</strong></span> <span class='ocrx_word' id='word_1_241' title='bbox 750 3255 828 3332; x_wconf 90' lang='lat' dir='ltr'><strong>quod</strong></span> <span class='ocrx_word' id='word_1_242' title='bbox 852 3255 934 3316; x_wconf 88' lang='lat' dir='ltr'><strong>nullo</strong></span> <span class='ocrx_word' id='word_1_243' title='bbox 956 3255 1045 3315; x_wconf 91' lang='lat' dir='ltr'><strong>modo</strong></span> <span class='ocrx_word' id='word_1_244' title='bbox 1066 3251 1265 3331; x_wconf 79' lang='lat' dir='ltr'><strong>intellegitur,</strong></span> <span class='ocrx_word' id='word_1_245' title='bbox 1290 3272 1346 3314; x_wconf 91' lang='lat' dir='ltr'><strong>cur</strong></span> <span class='ocrx_word' id='word_1_246' title='bbox 1370 3253 1454 3333; x_wconf 92' lang='lat' dir='ltr'><strong>plebs</strong></span> 
     </span>
     <span class='ocr_line' id='line_1_29' title="bbox 337 3352 1454 3436; baseline 0 -22"><span class='ocrx_word' id='word_1_247' title='bbox 337 3352 540 3415; x_wconf 87' lang='lat' dir='ltr'><strong>Narbonensis</strong></span> <span class='ocrx_word' id='word_1_248' title='bbox 555 3354 668 3415; x_wconf 89' lang='lat' dir='ltr'><strong>divinos</strong></span> <span class='ocrx_word' id='word_1_249' title='bbox 682 3356 812 3417; x_wconf 91' lang='lat' dir='ltr'><strong>honores</strong></span> <span class='ocrx_word' id='word_1_250' title='bbox 827 3358 960 3436; x_wconf 78' lang='lat' dir='ltr'><strong>Augusto</strong></span> <span class='ocrx_word' id='word_1_251' title='bbox 978 3357 1046 3417; x_wconf 92' lang='lat' dir='ltr'><strong>ideo</strong></span> <span class='ocrx_word' id='word_1_252' title='bbox 1063 3356 1238 3424; x_wconf 89' lang='lat' dir='ltr'><strong>decreverit,</strong></span> <span class='ocrx_word' id='word_1_253' title='bbox 1262 3355 1346 3432; x_wconf 86' lang='lat' dir='ltr'><strong>quod</strong></span> <span class='ocrx_word' id='word_1_254' title='bbox 1361 3358 1454 3435; x_wconf 83' lang='lat' dir='ltr'><strong>ipsam</strong></span> 
     </span>
     <span class='ocr_line' id='line_1_30' title="bbox 338 3454 1454 3536; baseline 0.001 -21"><span class='ocrx_word' id='word_1_255' title='bbox 338 3473 463 3516; x_wconf 87' lang='lat' dir='ltr'><strong>munere</strong></span> <span class='ocrx_word' id='word_1_256' title='bbox 486 3462 515 3516; x_wconf 90' lang='lat' dir='ltr'><strong>et</strong></span> <span class='ocrx_word' id='word_1_257' title='bbox 536 3454 651 3518; x_wconf 89' lang='lat' dir='ltr'><strong>honore</strong></span> <span class='ocrx_word' id='word_1_258' title='bbox 673 3457 822 3519; x_wconf 85' lang='lat' dir='ltr'><strong>iudicandi</strong></span> <span class='ocrx_word' id='word_1_259' title='bbox 836 3459 975 3536; x_wconf 86' lang='lat' dir='ltr'><strong>privarit:</strong></span> <span class='ocrx_word' id='word_1_260' title='bbox 998 3460 1097 3536; x_wconf 89' lang='lat' dir='ltr'><strong>posuit</strong></span> <span class='ocrx_word' id='word_1_261' title='bbox 1119 3459 1197 3518; x_wconf 90' lang='lat' dir='ltr'><strong>enim</strong></span> <span class='ocrx_word' id='word_1_262' title='bbox 1220 3456 1302 3518; x_wconf 85' lang='lat' dir='ltr'><strong>aram</strong></span> <span class='ocrx_word' id='word_1_263' title='bbox 1325 3459 1454 3536; x_wconf 87' lang='lat' dir='ltr'><strong>impera·</strong></span> 
     </span>
     <span class='ocr_line' id='line_1_31' title="bbox 337 3557 1455 3638; baseline 0.001 -21"><span class='ocrx_word' id='word_1_264' title='bbox 337 3559 396 3618; x_wconf 90' lang='lat' dir='ltr'><strong>torl</strong></span> <span class='ocrx_word' id='word_1_265' title='bbox 414 3558 497 3632; x_wconf 83' lang='lat' dir='ltr'><strong>plebs</strong></span> <span class='ocrx_word' id='word_1_266' title='bbox 511 3557 713 3620; x_wconf 88' lang='lat' dir='ltr'><strong>Narbonensis</strong></span> <span class='ocrx_word' id='word_1_267' title='bbox 737 3562 870 3638; x_wconf 87' lang='lat' dir='ltr'><strong>exceptis</strong></span> <span class='ocrx_word' id='word_1_268' title='bbox 885 3558 1112 3628; x_wconf 90' lang='lat' dir='ltr'><strong>decurionibus;</strong></span> <span class='ocrx_word' id='word_1_269' title='bbox 1136 3561 1236 3636; x_wconf 90' lang='lat' dir='ltr'><strong>itaque</strong></span> <span class='ocrx_word' id='word_1_270' title='bbox 1258 3557 1317 3619; x_wconf 89' lang='lat' dir='ltr'><strong>hoc</strong></span> <span class='ocrx_word' id='word_1_271' title='bbox 1339 3566 1455 3620; x_wconf 85' lang='lat' dir='ltr'><strong>tantum</strong></span> 
     </span>
     <span class='ocr_line' id='line_1_32' title="bbox 338 3658 1455 3738; baseline -0.001 -21"><span class='ocrx_word' id='word_1_272' title='bbox 338 3660 362 3718; x_wconf 89' lang='lat' dir='ltr'><strong>si</strong></span> <span class='ocrx_word' id='word_1_273' title='bbox 385 3658 604 3728; x_wconf 80' lang='lat' dir='ltr'><strong>considerares,</strong></span> <span class='ocrx_word' id='word_1_274' title='bbox 628 3659 729 3720; x_wconf 87' lang='lat' dir='ltr'><strong>Keller</strong></span> <span class='ocrx_word' id='word_1_275' title='bbox 753 3663 855 3738; x_wconf 89' lang='lat' dir='ltr'><strong>utique</strong></span> <span class='ocrx_word' id='word_1_276' title='bbox 877 3663 988 3721; x_wconf 87' lang='lat' dir='ltr'><strong>rectius</strong></span> <span class='ocrx_word' id='word_1_277' title='bbox 1010 3661 1161 3722; x_wconf 87' lang='lat' dir='ltr'><strong>videretur</strong></span> <span class='ocrx_word' id='word_1_278' title='bbox 1184 3660 1327 3721; x_wconf 89' lang='lat' dir='ltr'><strong>iudicare.</strong></span> <span class='ocrx_word' id='word_1_279' title='bbox 1359 3663 1398 3722; x_wconf 81' lang='lat' dir='ltr'><strong>At</strong></span> <span class='ocrx_word' id='word_1_280' title='bbox 1419 3677 1455 3719; x_wconf 89' lang='lat' dir='ltr'><strong>ue</strong></span> 
     </span>
     <span class='ocr_line' id='line_1_33' title="bbox 336 3759 1456 3841; baseline 0 -22"><span class='ocrx_word' id='word_1_281' title='bbox 336 3759 426 3820; x_wconf 90' lang='lat' dir='ltr'><strong>huius</strong></span> <span class='ocrx_word' id='word_1_282' title='bbox 449 3760 569 3836; x_wconf 87' lang='lat' dir='ltr'><strong>quidem</strong></span> <span class='ocrx_word' id='word_1_283' title='bbox 597 3762 735 3838; x_wconf 91' lang='lat' dir='ltr'><strong>opinione</strong></span> <span class='ocrx_word' id='word_1_284' title='bbox 758 3780 917 3841; x_wconf 88' lang='lat' dir='ltr'><strong>possumus</strong></span> <span class='ocrx_word' id='word_1_285' title='bbox 940 3764 1143 3840; x_wconf 86' lang='lat' dir='ltr'><strong>acquiescere,</strong></span> <span class='ocrx_word' id='word_1_286' title='bbox 1175 3763 1242 3838; x_wconf 88' lang='lat' dir='ltr'><strong>quia</strong></span> <span class='ocrx_word' id='word_1_287' title='bbox 1272 3761 1393 3824; x_wconf 81' lang='lat' dir='ltr'><strong>collatis</strong></span> <span class='ocrx_word' id='word_1_288' title='bbox 1421 3761 1456 3820; x_wconf 90' lang='lat' dir='ltr'><strong>iis</strong></span> 
     </span>
    </p>
   </div>
   <div class='ocr_carea' id='block_1_5' title="bbox 334 4046 1455 4452">
    <p class='ocr_par' dir='ltr' id='par_1_5' title="bbox 334 4046 1455 4283">
     <span class='ocr_line' id='line_1_34' title="bbox 404 4046 1455 4115; baseline -0.003 -17"><span class='ocrx_word' id='word_1_289' title='bbox 404 4046 466 4114; x_wconf 87' lang='lat'>122)</span> <span class='ocrx_word' id='word_1_290' title='bbox 484 4047 556 4099; x_wconf 91' lang='lat' dir='ltr'><strong>Vell.</strong></span> <span class='ocrx_word' id='word_1_291' title='bbox 576 4050 603 4107; x_wconf 88' lang='lat'><strong>2,</strong></span> <span class='ocrx_word' id='word_1_292' title='bbox 624 4051 686 4098; x_wconf 87' lang='lat'>121:</span> <span class='ocrx_word' id='word_1_293' title='bbox 706 4047 867 4115; x_wconf 84' lang='lat' dir='ltr'><strong>(Tiberius)</strong></span> <span class='ocrx_word' id='word_1_294' title='bbox 886 4066 939 4100; x_wconf 86' lang='lat' dir='ltr'><strong>cum</strong></span> <span class='ocrx_word' id='word_1_295' title='bbox 957 4065 1000 4099; x_wconf 84' lang='lat' dir='ltr'><strong>res</strong></span> <span class='ocrx_word' id='word_1_296' title='bbox 1019 4049 1154 4098; x_wconf 80' lang='lat' dir='ltr'><strong>Gallianum</strong></span> <span class='ocrx_word' id='word_1_297' title='bbox 1172 4049 1296 4097; x_wconf 66' lang='lat' dir='ltr'><strong>mammae</strong></span> <span class='ocrx_word' id='word_1_298' title='bbox 1320 4051 1398 4098; x_wconf 74' lang='lat' dir='ltr'><strong>molis</strong></span> <span class='ocrx_word' id='word_1_299' title='bbox 1416 4063 1455 4096; x_wconf 83' lang='lat' dir='ltr'><strong>oc-</strong></span> 
     </span>
     <span class='ocr_line' id='line_1_35' title="bbox 334 4133 1455 4199; baseline 0 -16"><span class='ocrx_word' id='word_1_300' title='bbox 334 4149 472 4198; x_wconf 83' lang='lat' dir='ltr'><strong>ceneasqne</strong></span> <span class='ocrx_word' id='word_1_301' title='bbox 488 4133 570 4198; x_wconf 85' lang='lat' dir='ltr'><strong>plebis</strong></span> <span class='ocrx_word' id='word_1_302' title='bbox 591 4135 768 4184; x_wconf 82' lang='lat' dir='ltr'><strong>Viennensium</strong></span> <span class='ocrx_word' id='word_1_303' title='bbox 785 4136 938 4186; x_wconf 69' lang='lat' dir='ltr'><strong>coercitione</strong></span> <span class='ocrx_word' id='word_1_304' title='bbox 955 4137 1035 4199; x_wconf 75' lang='lat' dir='ltr'><strong>inopie</strong></span> <span class='ocrx_word' id='word_1_305' title='bbox 1051 4149 1124 4198; x_wconf 81' lang='lat' dir='ltr'><strong>poam</strong></span> <span class='ocrx_word' id='word_1_306' title='bbox 1138 4147 1225 4196; x_wconf 85' lang='lat' dir='ltr'><strong>poeno</strong></span> <span class='ocrx_word' id='word_1_307' title='bbox 1242 4133 1381 4196; x_wconf 82' lang='lat' dir='ltr'><strong>mollisset,</strong></span> <span class='ocrx_word' id='word_1_308' title='bbox 1403 4136 1455 4183; x_wconf 85' lang='lat' dir='ltr'><strong>etc.</strong></span> 
     </span>
     <span class='ocr_line' id='line_1_36' title="bbox 335 4218 607 4283; baseline 0.004 -16"><span class='ocrx_word' id='word_1_309' title='bbox 335 4218 384 4268; x_wconf 85' lang='lat' dir='ltr'><strong>cir.</strong></span> <span class='ocrx_word' id='word_1_310' title='bbox 404 4233 486 4282; x_wconf 85' lang='lat' dir='ltr'><strong>supro</strong></span> <span class='ocrx_word' id='word_1_311' title='bbox 503 4235 529 4283; x_wconf 94' lang='lat' dir='ltr'><strong>p.</strong></span> <span class='ocrx_word' id='word_1_312' title='bbox 549 4219 607 4268; x_wconf 82' lang='lat'><strong>109.</strong></span> 
     </span>
    </p>

    <p class='ocr_par' dir='ltr' id='par_1_6' title="bbox 357 4301 1092 4452">
     <span class='ocr_line' id='line_1_37' title="bbox 357 4301 1007 4368; baseline 0.008 -17"><span class='ocrx_word' id='word_1_313' title='bbox 357 4309 358 4313; x_wconf 77' lang='grc'>’</span> <span class='ocrx_word' id='word_1_314' title='bbox 402 4301 460 4364; x_wconf 87' lang='grc'>123)</span> <span class='ocrx_word' id='word_1_315' title='bbox 479 4301 587 4363; x_wconf 87' lang='lat' dir='ltr'><strong>Keller,</strong></span> <span class='ocrx_word' id='word_1_316' title='bbox 605 4303 699 4354; x_wconf 88' lang='lat' dir='ltr'><strong>Rcem.</strong></span> <span class='ocrx_word' id='word_1_317' title='bbox 720 4301 904 4368; x_wconf 81' lang='lat' dir='ltr'><strong>Civilprocess</strong></span> <span class='ocrx_word' id='word_1_318' title='bbox 922 4319 947 4368; x_wconf 94' lang='lat' dir='ltr'><strong>p.</strong></span> <span class='ocrx_word' id='word_1_319' title='bbox 966 4304 1007 4356; x_wconf 87' lang='lat'><strong>41.</strong></span> 
     </span>
     <span class='ocr_line' id='line_1_38' title="bbox 402 4385 1092 4452; baseline 0.006 -17"><span class='ocrx_word' id='word_1_320' title='bbox 402 4385 461 4448; x_wconf 84' lang='lat'>124)</span> <span class='ocrx_word' id='word_1_321' title='bbox 480 4386 605 4451; x_wconf 70' lang='lat' dir='ltr'><strong>accord,</strong></span> <span class='ocrx_word' id='word_1_322' title='bbox 624 4387 717 4438; x_wconf 86' lang='lat' dir='ltr'><strong>Roem.</strong></span> <span class='ocrx_word' id='word_1_323' title='bbox 736 4387 935 4452; x_wconf 83' lang='lat' dir='ltr'><strong>Rechtsgesch.</strong></span> <span class='ocrx_word' id='word_1_324' title='bbox 955 4389 985 4450; x_wconf 83' lang='lat'><strong>2,</strong></span> <span class='ocrx_word' id='word_1_325' title='bbox 1004 4403 1030 4452; x_wconf 81' lang='lat' dir='ltr'><strong>p.</strong></span> <span class='ocrx_word' id='word_1_326' title='bbox 1049 4389 1092 4440; x_wconf 82' lang='lat'><strong>40.</strong></span> 
     </span>
    </p>
   </div>
   <div class='ocr_carea' id='block_1_6' title="bbox 0 0 1578 5160">
    <p class='ocr_par' dir='ltr' id='par_1_7' title="bbox 0 0 1578 5160">
     <span class='ocr_line' id='line_1_39' title="bbox 0 0 1578 5160; baseline 0 6"><span class='ocrx_word' id='word_1_327' title='bbox 0 0 1578 5160; x_wconf 95' lang='lat' dir='ltr'><strong> </strong></span> 
     </span>
    </p>
   </div>
  </div>
 </body>
</html>
