<?xml version="1.0" encoding="UTF-8"?>
<!DOCTYPE html PUBLIC "-//W3C//DTD XHTML 1.0 Transitional//EN"
    "http://www.w3.org/TR/xhtml1/DTD/xhtml1-transitional.dtd">
<html xmlns="http://www.w3.org/1999/xhtml" xml:lang="en" lang="en">
 <head>
  <title>
</title>
<meta http-equiv="Content-Type" content="text/html;charset=utf-8" />
  <meta name='ocr-system' content='tesseract 3.04.00' />
  <meta name='ocr-capabilities' content='ocr_page ocr_carea ocr_par ocr_line ocrx_word'/>
</head>
<body>
  <div class='ocr_page' id='page_1' title='image "./galliaenarbonen01herzgoog_0084.png"; bbox 0 0 3154 5162; ppageno 0'>
   <div class='ocr_carea' id='block_1_1' title="bbox 296 434 1005 504">
    <p class='ocr_par' dir='ltr' id='par_1_1' title="bbox 296 434 1005 504">
     <span class='ocr_line' id='line_1_1' title="bbox 296 434 1005 504; baseline 0 -12"><span class='ocrx_word' id='word_1_1' title='bbox 296 439 336 504; x_wconf 87' lang='grc'><strong>68</strong></span> <span class='ocrx_word' id='word_1_2' title='bbox 524 474 529 482; x_wconf 87' lang='lat'><em>·</em></span> <span class='ocrx_word' id='word_1_3' title='bbox 690 434 773 493; x_wconf 87' lang='lat' dir='ltr'><strong>PARS</strong></span> <span class='ocrx_word' id='word_1_4' title='bbox 795 435 814 493; x_wconf 90' lang='lat'><strong>1.</strong></span> <span class='ocrx_word' id='word_1_5' title='bbox 858 434 964 492; x_wconf 81' lang='lat' dir='ltr'><strong>CAPV&#39;l&#39;</strong></span> <span class='ocrx_word' id='word_1_6' title='bbox 986 436 1005 493; x_wconf 92' lang='lat'><strong>1.</strong></span> 
     </span>
    </p>
   </div>
   <div class='ocr_carea' id='block_1_2' title="bbox 225 601 1447 3129">
    <p class='ocr_par' dir='ltr' id='par_1_2' title="bbox 225 601 1447 3129">
     <span class='ocr_line' id='line_1_2' title="bbox 297 601 1414 682; baseline -0.004 -16"><span class='ocrx_word' id='word_1_7' title='bbox 297 605 350 674; x_wconf 91' lang='lat' dir='ltr'><strong>sit,</strong></span> <span class='ocrx_word' id='word_1_8' title='bbox 375 603 404 666; x_wconf 91' lang='lat' dir='ltr'><strong>C.</strong></span> <span class='ocrx_word' id='word_1_9' title='bbox 431 601 608 682; x_wconf 80' lang='lat' dir='ltr'><strong>Calpurnius</strong></span> <span class='ocrx_word' id='word_1_10' title='bbox 631 601 701 664; x_wconf 91' lang='lat' dir='ltr'><strong>Piso</strong></span> <span class='ocrx_word' id='word_1_11' title='bbox 723 601 886 682; x_wconf 90' lang='lat' dir='ltr'><strong>proconsul</strong></span> <span class='ocrx_word' id='word_1_12' title='bbox 908 601 1134 681; x_wconf 85' lang='lat' dir='ltr'><strong>Transalpinam</strong></span> <span class='ocrx_word' id='word_1_13' title='bbox 1156 603 1338 681; x_wconf 82' lang='lat' dir='ltr'><strong>provinciam</strong></span> <span class='ocrx_word' id='word_1_14' title='bbox 1363 621 1414 663; x_wconf 90' lang='lat' dir='ltr'><strong>re-</strong></span> 
     </span>
     <span class='ocr_line' id='line_1_3' title="bbox 295 703 1416 785; baseline -0.003 -17"><span class='ocrx_word' id='word_1_15' title='bbox 295 711 381 785; x_wconf 88' lang='lat' dir='ltr'><strong>geret</strong></span> <span class='ocrx_word' id='word_1_16' title='bbox 407 707 492 783; x_wconf 90' lang='lat' dir='ltr'><strong>isque</strong></span> <span class='ocrx_word' id='word_1_17' title='bbox 519 711 553 768; x_wconf 92' lang='lat' dir='ltr'><strong>ut</strong></span> <span class='ocrx_word' id='word_1_18' title='bbox 580 711 684 768; x_wconf 90' lang='lat' dir='ltr'><strong>contra</strong></span> <span class='ocrx_word' id='word_1_19' title='bbox 710 703 884 784; x_wconf 89' lang='lat' dir='ltr'><strong>Pompeium</strong></span> <span class='ocrx_word' id='word_1_20' title='bbox 912 723 928 765; x_wconf 91' lang='grc'><strong>1</strong></span> <span class='ocrx_word' id='word_1_21' title='bbox 956 703 1022 782; x_wconf 92' lang='lat' dir='ltr'><strong>lege</strong></span> <span class='ocrx_word' id='word_1_22' title='bbox 1051 703 1174 764; x_wconf 87' lang='lat' dir='ltr'><strong>Gabinia</strong></span> <span class='ocrx_word' id='word_1_23' title='bbox 1201 703 1335 766; x_wconf 86' lang='lat' dir='ltr'><strong>delectus</strong></span> <span class='ocrx_word' id='word_1_24' title='bbox 1357 723 1416 783; x_wconf 92' lang='lat' dir='ltr'><strong>per</strong></span> 
     </span>
     <span class='ocr_line' id='line_1_4' title="bbox 295 805 1414 886; baseline -0.003 -17"><span class='ocrx_word' id='word_1_25' title='bbox 295 807 406 869; x_wconf 84' lang='lat' dir='ltr'><strong>Calliae</strong></span> <span class='ocrx_word' id='word_1_26' title='bbox 427 825 511 870; x_wconf 91' lang='lat' dir='ltr'><strong>oram</strong></span> <span class='ocrx_word' id='word_1_27' title='bbox 532 808 729 886; x_wconf 80' lang='lat' dir='ltr'><strong>imperantem</strong></span> <span class='ocrx_word' id='word_1_28' title='bbox 751 806 909 876; x_wconf 86' lang='lat' dir='ltr'>invidiose,</span> <span class='ocrx_word' id='word_1_29' title='bbox 938 808 979 868; x_wconf 91' lang='lat' dir='ltr'><strong>ita</strong></span> <span class='ocrx_word' id='word_1_30' title='bbox 1006 812 1110 867; x_wconf 88' lang='lat' dir='ltr'><strong>contra</strong></span> <span class='ocrx_word' id='word_1_31' title='bbox 1131 805 1327 886; x_wconf 78' lang='lat' dir='ltr'>provinciales</span> <span class='ocrx_word' id='word_1_32' title='bbox 1349 807 1414 866; x_wconf 87' lang='lat' dir='ltr'><strong>vio-</strong></span> 
     </span>
     <span class='ocr_line' id='line_1_5' title="bbox 295 907 1416 988; baseline -0.003 -17"><span class='ocrx_word' id='word_1_33' title='bbox 295 909 392 972; x_wconf 80' lang='lat' dir='ltr'><strong>lenter</strong></span> <span class='ocrx_word' id='word_1_34' title='bbox 414 916 531 988; x_wconf 90' lang='lat' dir='ltr'><strong>ageret,</strong></span> <span class='ocrx_word' id='word_1_35' title='bbox 558 908 749 987; x_wconf 78' lang='lat' dir='ltr'><strong>Allobroges,</strong></span> <span class='ocrx_word' id='word_1_36' title='bbox 778 911 866 971; x_wconf 90' lang='lat' dir='ltr'><strong>etiam</strong></span> <span class='ocrx_word' id='word_1_37' title='bbox 895 916 957 970; x_wconf 91' lang='lat' dir='ltr'><strong>tum</strong></span> <span class='ocrx_word' id='word_1_38' title='bbox 985 912 1113 970; x_wconf 83' lang='lat' dir='ltr'><strong>maxima</strong></span> <span class='ocrx_word' id='word_1_39' title='bbox 1140 907 1176 970; x_wconf 90' lang='lat' dir='ltr'><strong>ab</strong></span> <span class='ocrx_word' id='word_1_40' title='bbox 1199 908 1254 969; x_wconf 90' lang='lat' dir='ltr'><strong>bac</strong></span> <span class='ocrx_word' id='word_1_41' title='bbox 1276 907 1416 970; x_wconf 84' lang='lat' dir='ltr'><strong>Rhodani</strong></span> 
     </span>
     <span class='ocr_line' id='line_1_6' title="bbox 295 1010 1412 1092; baseline -0.003 -19"><span class='ocrx_word' id='word_1_42' title='bbox 295 1014 360 1091; x_wconf 92' lang='lat' dir='ltr'><strong>ripa</strong></span> <span class='ocrx_word' id='word_1_43' title='bbox 382 1030 471 1091; x_wconf 90' lang='lat' dir='ltr'><strong>gens,</strong></span> <span class='ocrx_word' id='word_1_44' title='bbox 495 1017 689 1092; x_wconf 90' lang='lat' dir='ltr'><strong>sumpserunt</strong></span> <span class='ocrx_word' id='word_1_45' title='bbox 711 1029 806 1086; x_wconf 90' lang='lat' dir='ltr'><strong>arma,</strong></span> <span class='ocrx_word' id='word_1_46' title='bbox 837 1011 890 1071; x_wconf 90' lang='lat' dir='ltr'><strong>sed</strong></span> <span class='ocrx_word' id='word_1_47' title='bbox 911 1012 1014 1089; x_wconf 87' lang='lat' dir='ltr'><strong>iniquo</strong></span> <span class='ocrx_word' id='word_1_48' title='bbox 1036 1010 1129 1072; x_wconf 87' lang='lat' dir='ltr'><strong>blarte</strong></span> <span class='ocrx_word' id='word_1_49' title='bbox 1150 1018 1318 1088; x_wconf 77' lang='lat' dir='ltr'><strong>pugnantes</strong></span> <span class='ocrx_word' id='word_1_50' title='bbox 1338 1029 1412 1090; x_wconf 93' lang='lat' dir='ltr'><strong>pro·</strong></span> 
     </span>
     <span class='ocr_line' id='line_1_7' title="bbox 295 1108 1416 1192; baseline -0.002 -18"><span class='ocrx_word' id='word_1_51' title='bbox 295 1114 387 1192; x_wconf 88' lang='lat' dir='ltr'><strong>lligati</strong></span> <span class='ocrx_word' id='word_1_52' title='bbox 409 1108 532 1192; x_wconf 64' lang='lat' dir='ltr'><strong>sautu)</strong></span> <span class='ocrx_word' id='word_1_53' title='bbox 578 1113 610 1173; x_wconf 86' lang='lat' dir='ltr'><strong>Si</strong></span> <span class='ocrx_word' id='word_1_54' title='bbox 632 1120 730 1175; x_wconf 90' lang='lat' dir='ltr'><strong>autem</strong></span> <span class='ocrx_word' id='word_1_55' title='bbox 754 1112 858 1174; x_wconf 91' lang='lat' dir='ltr'><strong>Cicero</strong></span> <span class='ocrx_word' id='word_1_56' title='bbox 880 1111 912 1174; x_wconf 92' lang='lat' dir='ltr'><strong>L.</strong></span> <span class='ocrx_word' id='word_1_57' title='bbox 929 1113 1075 1174; x_wconf 90' lang='lat' dir='ltr'><strong>Licinium</strong></span> <span class='ocrx_word' id='word_1_58' title='bbox 1090 1113 1252 1181; x_wconf 88' lang='lat' dir='ltr'><strong>Murenam,</strong></span> <span class='ocrx_word' id='word_1_59' title='bbox 1277 1113 1328 1190; x_wconf 93' lang='lat' dir='ltr'><strong>qui</strong></span> <span class='ocrx_word' id='word_1_60' title='bbox 1342 1119 1416 1191; x_wconf 92' lang='lat' dir='ltr'><strong>post</strong></span> 
     </span>
     <span class='ocr_line' id='line_1_8' title="bbox 296 1213 1413 1296; baseline -0.004 -18"><span class='ocrx_word' id='word_1_61' title='bbox 296 1216 488 1295; x_wconf 90' lang='lat' dir='ltr'><strong>Calpurnium</strong></span> <span class='ocrx_word' id='word_1_62' title='bbox 511 1234 536 1276; x_wconf 92' lang='lat' dir='ltr'><strong>a.</strong></span> <span class='ocrx_word' id='word_1_63' title='bbox 553 1219 594 1282; x_wconf 83' lang='lat'><strong>64</strong></span> <span class='ocrx_word' id='word_1_64' title='bbox 615 1222 827 1296; x_wconf 89' lang='lat' dir='ltr'><strong>propraetore</strong></span> <span class='ocrx_word' id='word_1_65' title='bbox 849 1216 880 1276; x_wconf 92' lang='lat' dir='ltr'><strong>in</strong></span> <span class='ocrx_word' id='word_1_66' title='bbox 895 1214 988 1276; x_wconf 88' lang='lat' dir='ltr'><strong>Callia</strong></span> <span class='ocrx_word' id='word_1_67' title='bbox 1003 1213 1190 1276; x_wconf 83' lang='lat' dir='ltr'><strong>Narbonensi</strong></span> <span class='ocrx_word' id='word_1_68' title='bbox 1211 1215 1277 1284; x_wconf 89' lang='lat' dir='ltr'><strong>luit,</strong></span> <span class='ocrx_word' id='word_1_69' title='bbox 1300 1213 1413 1282; x_wconf 89' lang='lat' dir='ltr'><strong>laudat,</strong></span> 
     </span>
     <span class='ocr_line' id='line_1_9' title="bbox 296 1315 1413 1396; baseline -0.003 -19"><span class='ocrx_word' id='word_1_70' title='bbox 296 1317 376 1395; x_wconf 90' lang='lat' dir='ltr'><strong>quod</strong></span> <span class='ocrx_word' id='word_1_71' title='bbox 398 1317 545 1394; x_wconf 90' lang='lat' dir='ltr'><strong>aequitate</strong></span> <span class='ocrx_word' id='word_1_72' title='bbox 568 1315 781 1396; x_wconf 79' lang='lat' dir='ltr'><strong>diligentiaque</strong></span> <span class='ocrx_word' id='word_1_73' title='bbox 803 1317 979 1396; x_wconf 80' lang='lat' dir='ltr'><strong>perfecerit,</strong></span> <span class='ocrx_word' id='word_1_74' title='bbox 1008 1324 1041 1377; x_wconf 92' lang='lat' dir='ltr'><strong>ut</strong></span> <span class='ocrx_word' id='word_1_75' title='bbox 1062 1319 1142 1377; x_wconf 84' lang='lat' dir='ltr'><strong>cives</strong></span> <span class='ocrx_word' id='word_1_76' title='bbox 1155 1316 1282 1377; x_wconf 88' lang='lat' dir='ltr'><strong>Romani</strong></span> <span class='ocrx_word' id='word_1_77' title='bbox 1303 1315 1413 1394; x_wconf 93' lang='lat' dir='ltr'><strong>despe-</strong></span> 
     </span>
     <span class='ocr_line' id='line_1_10' title="bbox 295 1415 1416 1498; baseline -0.003 -17"><span class='ocrx_word' id='word_1_78' title='bbox 295 1420 454 1481; x_wconf 84' lang='lat' dir='ltr'><strong>rotasiam</strong></span> <span class='ocrx_word' id='word_1_79' title='bbox 478 1421 619 1498; x_wconf 87' lang='lat' dir='ltr'><strong>pecunias</strong></span> <span class='ocrx_word' id='word_1_80' title='bbox 642 1415 855 1498; x_wconf 80' lang='lat' dir='ltr'><strong>exigerent⁷⁷),</strong></span> <span class='ocrx_word' id='word_1_81' title='bbox 885 1420 909 1480; x_wconf 93' lang='lat' dir='ltr'><strong>si</strong></span> <span class='ocrx_word' id='word_1_82' title='bbox 931 1417 1038 1478; x_wconf 91' lang='lat' dir='ltr'><strong>deinde</strong></span> <span class='ocrx_word' id='word_1_83' title='bbox 1060 1418 1139 1480; x_wconf 91' lang='lat' dir='ltr'><strong>idem</strong></span> <span class='ocrx_word' id='word_1_84' title='bbox 1162 1418 1265 1479; x_wconf 91' lang='lat' dir='ltr'><strong>Cicero</strong></span> <span class='ocrx_word' id='word_1_85' title='bbox 1288 1417 1319 1478; x_wconf 92' lang='lat' dir='ltr'><strong>P.</strong></span> <span class='ocrx_word' id='word_1_86' title='bbox 1344 1416 1416 1478; x_wconf 93' lang='lat' dir='ltr'><strong>Clo-</strong></span> 
     </span>
     <span class='ocr_line' id='line_1_11' title="bbox 296 1520 1415 1599; baseline -0.004 -16"><span class='ocrx_word' id='word_1_87' title='bbox 296 1522 386 1591; x_wconf 90' lang='lat' dir='ltr'><strong>dium,</strong></span> <span class='ocrx_word' id='word_1_88' title='bbox 410 1521 551 1582; x_wconf 88' lang='lat' dir='ltr'><strong>Murenae</strong></span> <span class='ocrx_word' id='word_1_89' title='bbox 573 1522 604 1582; x_wconf 96' lang='lat' dir='ltr'><strong>in</strong></span> <span class='ocrx_word' id='word_1_90' title='bbox 627 1520 720 1582; x_wconf 92' lang='lat' dir='ltr'><strong>Callia</strong></span> <span class='ocrx_word' id='word_1_91' title='bbox 743 1528 947 1599; x_wconf 85' lang='lat' dir='ltr'><strong>quaestorem,</strong></span> <span class='ocrx_word' id='word_1_92' title='bbox 971 1527 1090 1581; x_wconf 90' lang='lat' dir='ltr'><strong>accusat</strong></span> <span class='ocrx_word' id='word_1_93' title='bbox 1110 1527 1297 1581; x_wconf 91' lang='lat' dir='ltr'><strong>mortuorum</strong></span> <span class='ocrx_word' id='word_1_94' title='bbox 1320 1526 1415 1580; x_wconf 89' lang='lat' dir='ltr'><strong>testa·</strong></span> 
     </span>
     <span class='ocr_line' id='line_1_12' title="bbox 296 1620 1416 1702; baseline -0.003 -17"><span class='ocrx_word' id='word_1_95' title='bbox 296 1632 396 1686; x_wconf 92' lang='lat' dir='ltr'><strong>menta</strong></span> <span class='ocrx_word' id='word_1_96' title='bbox 417 1622 459 1682; x_wconf 91' lang='lat' dir='ltr'><strong>ibi</strong></span> <span class='ocrx_word' id='word_1_97' title='bbox 482 1623 706 1702; x_wconf 78' lang='lat' dir='ltr'><strong>conscripsisse,</strong></span> <span class='ocrx_word' id='word_1_98' title='bbox 730 1620 861 1702; x_wconf 91' lang='lat' dir='ltr'><strong>pupillos</strong></span> <span class='ocrx_word' id='word_1_99' title='bbox 882 1623 1043 1692; x_wconf 87' lang='lat' dir='ltr'><strong>necavisse,</strong></span> <span class='ocrx_word' id='word_1_100' title='bbox 1067 1622 1197 1683; x_wconf 79' lang='lat' dir='ltr'><strong>nefarias</strong></span> <span class='ocrx_word' id='word_1_101' title='bbox 1219 1640 1287 1683; x_wconf 88' lang='lat' dir='ltr'><strong>cum</strong></span> <span class='ocrx_word' id='word_1_102' title='bbox 1310 1620 1416 1682; x_wconf 90' lang='lat' dir='ltr'><strong>multis</strong></span> 
     </span>
     <span class='ocr_line' id='line_1_13' title="bbox 297 1720 1417 1804; baseline -0.002 -18"><span class='ocrx_word' id='word_1_103' title='bbox 297 1725 444 1786; x_wconf 88' lang='lat' dir='ltr'><strong>scelerum</strong></span> <span class='ocrx_word' id='word_1_104' title='bbox 467 1725 623 1804; x_wconf 87' lang='lat' dir='ltr'><strong>pactiones</strong></span> <span class='ocrx_word' id='word_1_105' title='bbox 638 1725 856 1801; x_wconf 84' lang='lat' dir='ltr'><strong>societatesque</strong></span> <span class='ocrx_word' id='word_1_106' title='bbox 872 1720 1071 1802; x_wconf 65' lang='grc'><strong>1111111175),</strong></span> <span class='ocrx_word' id='word_1_107' title='bbox 1095 1722 1327 1785; x_wconf 84' lang='grc'><strong>111111111111111</strong></span> <span class='ocrx_word' id='word_1_108' title='bbox 1350 1742 1417 1784; x_wconf 92' lang='lat' dir='ltr'><strong>non</strong></span> 
     </span>
     <span class='ocr_line' id='line_1_14' title="bbox 296 1825 1415 1905; baseline -0.002 -17"><span class='ocrx_word' id='word_1_109' title='bbox 296 1829 395 1889; x_wconf 91' lang='lat' dir='ltr'><strong>minus</strong></span> <span class='ocrx_word' id='word_1_110' title='bbox 418 1845 506 1905; x_wconf 88' lang='lat' dir='ltr'><strong>quam</strong></span> <span class='ocrx_word' id='word_1_111' title='bbox 529 1845 564 1887; x_wconf 82' lang='lat' dir='ltr'><strong>ex</strong></span> <span class='ocrx_word' id='word_1_112' title='bbox 587 1825 1098 1888; x_wconf 77' lang='grc'><strong>11111111111111111[1111111111]</strong></span> <span class='ocrx_word' id='word_1_113' title='bbox 1122 1832 1181 1895; x_wconf 93' lang='lat' dir='ltr'><strong>est,</strong></span> <span class='ocrx_word' id='word_1_114' title='bbox 1207 1827 1238 1887; x_wconf 95' lang='lat' dir='ltr'><strong>in</strong></span> <span class='ocrx_word' id='word_1_115' title='bbox 1260 1825 1315 1886; x_wconf 91' lang='lat' dir='ltr'><strong>hac</strong></span> <span class='ocrx_word' id='word_1_116' title='bbox 1337 1844 1415 1902; x_wconf 93' lang='lat' dir='ltr'><strong>quo-</strong></span> 
     </span>
     <span class='ocr_line' id='line_1_15' title="bbox 296 1927 1415 2009; baseline 0 -19"><span class='ocrx_word' id='word_1_117' title='bbox 296 1947 354 2008; x_wconf 91' lang='lat' dir='ltr'><strong>que</strong></span> <span class='ocrx_word' id='word_1_118' title='bbox 376 1930 529 2009; x_wconf 88' lang='lat' dir='ltr'><strong>provincia</strong></span> <span class='ocrx_word' id='word_1_119' title='bbox 552 1927 607 1989; x_wconf 92' lang='lat' dir='ltr'><strong>sub</strong></span> <span class='ocrx_word' id='word_1_120' title='bbox 631 1930 819 2009; x_wconf 90' lang='lat' dir='ltr'><strong>optimatium</strong></span> <span class='ocrx_word' id='word_1_121' title='bbox 841 1927 1041 1989; x_wconf 88' lang='lat' dir='ltr'><strong>dominatione</strong></span> <span class='ocrx_word' id='word_1_122' title='bbox 1058 1936 1155 1990; x_wconf 90' lang='lat' dir='ltr'><strong>actum</strong></span> <span class='ocrx_word' id='word_1_123' title='bbox 1170 1928 1262 1990; x_wconf 85' lang='lat' dir='ltr'><strong>luisse</strong></span> <span class='ocrx_word' id='word_1_124' title='bbox 1277 1927 1314 1988; x_wconf 92' lang='lat' dir='ltr'><strong>de</strong></span> <span class='ocrx_word' id='word_1_125' title='bbox 1330 1945 1415 1990; x_wconf 90' lang='lat' dir='ltr'><strong>eom·</strong></span> 
     </span>
     <span class='ocr_line' id='line_1_16' title="bbox 295 2028 1415 2109; baseline -0.004 -17"><span class='ocrx_word' id='word_1_126' title='bbox 295 2033 399 2093; x_wconf 91' lang='lat' dir='ltr'><strong>mercii</strong></span> <span class='ocrx_word' id='word_1_127' title='bbox 425 2032 605 2100; x_wconf 85' lang='lat' dir='ltr'><strong>securitate,</strong></span> <span class='ocrx_word' id='word_1_128' title='bbox 641 2038 739 2092; x_wconf 91' lang='lat' dir='ltr'><strong>actum</strong></span> <span class='ocrx_word' id='word_1_129' title='bbox 769 2029 806 2090; x_wconf 91' lang='lat' dir='ltr'><strong>de</strong></span> <span class='ocrx_word' id='word_1_130' title='bbox 839 2028 956 2108; x_wconf 93' lang='lat' dir='ltr'><strong>publica</strong></span> <span class='ocrx_word' id='word_1_131' title='bbox 987 2036 1015 2089; x_wconf 90' lang='lat' dir='ltr'><strong>et</strong></span> <span class='ocrx_word' id='word_1_132' title='bbox 1042 2031 1155 2108; x_wconf 86' lang='lat' dir='ltr'><strong>privata</strong></span> <span class='ocrx_word' id='word_1_133' title='bbox 1188 2047 1257 2108; x_wconf 88' lang='lat' dir='ltr'><strong>erga</strong></span> <span class='ocrx_word' id='word_1_134' title='bbox 1289 2031 1415 2109; x_wconf 91' lang='lat' dir='ltr'><strong>provin-</strong></span> 
     </span>
     <span class='ocr_line' id='line_1_17' title="bbox 295 2130 1417 2205; baseline -0.004 -9"><span class='ocrx_word' id='word_1_135' title='bbox 295 2134 385 2196; x_wconf 90' lang='lat' dir='ltr'><strong>ciales</strong></span> <span class='ocrx_word' id='word_1_136' title='bbox 412 2133 478 2194; x_wconf 91' lang='lat' dir='ltr'><strong>lide.</strong></span> <span class='ocrx_word' id='word_1_137' title='bbox 530 2134 612 2205; x_wconf 86' lang='lat' dir='ltr'><strong>Quae</strong></span> <span class='ocrx_word' id='word_1_138' title='bbox 640 2151 708 2194; x_wconf 93' lang='lat' dir='ltr'><strong>curn</strong></span> <span class='ocrx_word' id='word_1_139' title='bbox 735 2134 775 2193; x_wconf 89' lang='lat' dir='ltr'><strong>ita</strong></span> <span class='ocrx_word' id='word_1_140' title='bbox 804 2132 929 2201; x_wconf 86' lang='lat' dir='ltr'><strong>luerint,</strong></span> <span class='ocrx_word' id='word_1_141' title='bbox 965 2130 1085 2202; x_wconf 90' lang='lat' dir='ltr'><strong>accidit,</strong></span> <span class='ocrx_word' id='word_1_142' title='bbox 1122 2138 1155 2191; x_wconf 92' lang='lat' dir='ltr'><strong>ut</strong></span> <span class='ocrx_word' id='word_1_143' title='bbox 1180 2131 1297 2193; x_wconf 90' lang='lat' dir='ltr'><strong>duobus</strong></span> <span class='ocrx_word' id='word_1_144' title='bbox 1325 2133 1417 2192; x_wconf 88' lang='lat' dir='ltr'><strong>annis</strong></span> 
     </span>
     <span class='ocr_line' id='line_1_18' title="bbox 295 2233 1447 2315; baseline -0.002 -19"><span class='ocrx_word' id='word_1_145' title='bbox 295 2244 452 2315; x_wconf 90' lang='lat' dir='ltr'><strong>postquam</strong></span> <span class='ocrx_word' id='word_1_146' title='bbox 478 2234 616 2304; x_wconf 88' lang='lat' dir='ltr'><strong>Murena,</strong></span> <span class='ocrx_word' id='word_1_147' title='bbox 645 2237 697 2314; x_wconf 93' lang='lat' dir='ltr'><strong>qui</strong></span> <span class='ocrx_word' id='word_1_148' title='bbox 724 2241 891 2314; x_wconf 90' lang='lat' dir='ltr'><strong>postremo,</strong></span> <span class='ocrx_word' id='word_1_149' title='bbox 922 2233 991 2294; x_wconf 91' lang='lat' dir='ltr'><strong>dum</strong></span> <span class='ocrx_word' id='word_1_150' title='bbox 1014 2235 1078 2313; x_wconf 94' lang='lat' dir='ltr'><strong>ipse</strong></span> <span class='ocrx_word' id='word_1_151' title='bbox 1100 2233 1212 2295; x_wconf 88' lang='lat' dir='ltr'><strong>Rornae</strong></span> <span class='ocrx_word' id='word_1_152' title='bbox 1235 2241 1311 2304; x_wconf 89' lang='lat' dir='ltr'><strong>erat,</strong></span> <span class='ocrx_word' id='word_1_153' title='bbox 1341 2233 1416 2294; x_wconf 89' lang='lat' dir='ltr'><strong>Caio</strong></span> <span class='ocrx_word' id='word_1_154' title='bbox 1444 2244 1447 2248; x_wconf 83' lang='grc'><strong>“</strong></span> 
     </span>
     <span class='ocr_line' id='line_1_19' title="bbox 295 2333 1416 2415; baseline -0.002 -17"><span class='ocrx_word' id='word_1_155' title='bbox 295 2338 380 2398; x_wconf 82' lang='lat' dir='ltr'><strong>fratri</strong></span> <span class='ocrx_word' id='word_1_156' title='bbox 403 2335 666 2397; x_wconf 85' lang='lat' dir='ltr'><strong>administrandam</strong></span> <span class='ocrx_word' id='word_1_157' title='bbox 696 2337 757 2396; x_wconf 91' lang='lat' dir='ltr'><strong>vice</strong></span> <span class='ocrx_word' id='word_1_158' title='bbox 785 2336 874 2414; x_wconf 91' lang='lat' dir='ltr'><strong>legati</strong></span> <span class='ocrx_word' id='word_1_159' title='bbox 895 2337 1079 2415; x_wconf 87' lang='lat' dir='ltr'><strong>provinciam</strong></span> <span class='ocrx_word' id='word_1_160' title='bbox 1102 2333 1350 2414; x_wconf 61' lang='lat' dir='ltr'><strong>oomnuseratd),</strong></span> <span class='ocrx_word' id='word_1_161' title='bbox 1373 2336 1416 2396; x_wconf 91' lang='lat' dir='ltr'><strong>de</strong></span> 
     </span>
     <span class='ocr_line' id='line_1_20' title="bbox 296 2436 1414 2518; baseline -0.001 -20"><span class='ocrx_word' id='word_1_162' title='bbox 296 2439 449 2518; x_wconf 91' lang='lat' dir='ltr'><strong>provincia</strong></span> <span class='ocrx_word' id='word_1_163' title='bbox 470 2437 613 2507; x_wconf 89' lang='lat' dir='ltr'><strong>decessit,</strong></span> <span class='ocrx_word' id='word_1_164' title='bbox 632 2439 750 2516; x_wconf 21' lang='lat' dir='ltr'><strong>*iterum</strong></span> <span class='ocrx_word' id='word_1_165' title='bbox 773 2438 955 2500; x_wconf 90' lang='lat' dir='ltr'><strong>rebellarent</strong></span> <span class='ocrx_word' id='word_1_166' title='bbox 976 2436 1163 2516; x_wconf 76' lang='lat' dir='ltr'><strong>Allobroges,</strong></span> <span class='ocrx_word' id='word_1_167' title='bbox 1193 2440 1301 2501; x_wconf 90' lang='lat' dir='ltr'><strong>iterum</strong></span> <span class='ocrx_word' id='word_1_168' title='bbox 1330 2437 1414 2498; x_wconf 90' lang='lat' dir='ltr'><strong>vide-</strong></span> 
     </span>
     <span class='ocr_line' id='line_1_21' title="bbox 296 2525 1416 2618; baseline 0.002 -18"><span class='ocrx_word' id='word_1_169' title='bbox 296 2540 373 2610; x_wconf 91' lang='lat' dir='ltr'><strong>licet,</strong></span> <span class='ocrx_word' id='word_1_170' title='bbox 398 2544 513 2617; x_wconf 78' lang='lat' dir='ltr'><strong>utnon</strong></span> <span class='ocrx_word' id='word_1_171' title='bbox 535 2540 632 2618; x_wconf 91' lang='lat' dir='ltr'><strong>potuit</strong></span> <span class='ocrx_word' id='word_1_172' title='bbox 653 2557 713 2600; x_wconf 91' lang='lat' dir='ltr'><strong>non</strong></span> <span class='ocrx_word' id='word_1_173' title='bbox 735 2540 808 2611; x_wconf 89' lang='lat' dir='ltr'><strong>lieri,</strong></span> <span class='ocrx_word' id='word_1_174' title='bbox 832 2525 944 2601; x_wconf 82' lang='lat' dir='ltr'><strong>infelici</strong></span> <span class='ocrx_word' id='word_1_175' title='bbox 967 2541 1057 2600; x_wconf 86' lang='lat' dir='ltr'><strong>exitu.</strong></span> <span class='ocrx_word' id='word_1_176' title='bbox 1095 2540 1215 2602; x_wconf 87' lang='lat' dir='ltr'><strong>Constat</strong></span> <span class='ocrx_word' id='word_1_177' title='bbox 1236 2539 1416 2618; x_wconf 75' lang='lat' dir='ltr'><strong>Allobroges</strong></span> 
     </span>
     <span class='ocr_line' id='line_1_22' title="bbox 296 2638 1417 2721; baseline 0 -18"><span class='ocrx_word' id='word_1_178' title='bbox 296 2660 363 2703; x_wconf 90' lang='lat' dir='ltr'><strong>oum</strong></span> <span class='ocrx_word' id='word_1_179' title='bbox 386 2638 555 2720; x_wconf 91' lang='lat' dir='ltr'><strong>postillam</strong></span> <span class='ocrx_word' id='word_1_180' title='bbox 578 2646 680 2702; x_wconf 90' lang='lat' dir='ltr'><strong>contra</strong></span> <span class='ocrx_word' id='word_1_181' title='bbox 695 2641 833 2704; x_wconf 86' lang='lat' dir='ltr'><strong>Pisonem</strong></span> <span class='ocrx_word' id='word_1_182' title='bbox 856 2641 1050 2703; x_wconf 89' lang='lat' dir='ltr'><strong>rebellionem</strong></span> <span class='ocrx_word' id='word_1_183' title='bbox 1072 2660 1141 2702; x_wconf 89' lang='lat' dir='ltr'><strong>aere</strong></span> <span class='ocrx_word' id='word_1_184' title='bbox 1156 2640 1252 2703; x_wconf 90' lang='lat' dir='ltr'><strong>alieno</strong></span> <span class='ocrx_word' id='word_1_185' title='bbox 1274 2644 1417 2721; x_wconf 89' lang='lat' dir='ltr'><strong>oppressi</strong></span> 
     </span>
     <span class='ocr_line' id='line_1_23' title="bbox 296 2742 1415 2830; baseline 0 -25"><span class='ocrx_word' id='word_1_186' title='bbox 296 2744 407 2805; x_wconf 90' lang='lat' dir='ltr'><strong>llomae</strong></span> <span class='ocrx_word' id='word_1_187' title='bbox 430 2761 446 2803; x_wconf 92' lang='lat' dir='ltr'><strong>a</strong></span> <span class='ocrx_word' id='word_1_188' title='bbox 470 2748 574 2804; x_wconf 90' lang='lat' dir='ltr'><strong>senatu</strong></span> <span class='ocrx_word' id='word_1_189' title='bbox 596 2742 738 2805; x_wconf 87' lang='lat' dir='ltr'><strong>adversus</strong></span> <span class='ocrx_word' id='word_1_190' title='bbox 760 2745 986 2830; x_wconf 75' lang='lat' dir='ltr'><strong>magistratuum</strong></span> <span class='ocrx_word' id='word_1_191' title='bbox 1008 2745 1158 2805; x_wconf 91' lang='lat' dir='ltr'><strong>avaritiam</strong></span> <span class='ocrx_word' id='word_1_192' title='bbox 1181 2743 1322 2805; x_wconf 82' lang='lat' dir='ltr'><strong>auxilium</strong></span> <span class='ocrx_word' id='word_1_193' title='bbox 1344 2752 1415 2805; x_wconf 89' lang='lat' dir='ltr'><strong>ten·</strong></span> 
     </span>
     <span class='ocr_line' id='line_1_24' title="bbox 296 2844 1434 2925; baseline -0.005 -19"><span class='ocrx_word' id='word_1_194' title='bbox 296 2853 408 2908; x_wconf 90' lang='lat' dir='ltr'><strong>tassent</strong></span> <span class='ocrx_word' id='word_1_195' title='bbox 429 2852 532 2925; x_wconf 90' lang='lat' dir='ltr'><strong>petere</strong></span> <span class='ocrx_word' id='word_1_196' title='bbox 554 2844 655 2922; x_wconf 93' lang='lat' dir='ltr'><strong>ibique</strong></span> <span class='ocrx_word' id='word_1_197' title='bbox 678 2845 826 2924; x_wconf 89' lang='lat' dir='ltr'><strong>repulsam</strong></span> <span class='ocrx_word' id='word_1_198' title='bbox 848 2846 1000 2916; x_wconf 90' lang='lat' dir='ltr'><strong>tulissent,</strong></span> <span class='ocrx_word' id='word_1_199' title='bbox 1024 2846 1129 2925; x_wconf 92' lang='lat' dir='ltr'><strong>inopes</strong></span> <span class='ocrx_word' id='word_1_200' title='bbox 1150 2846 1266 2907; x_wconf 89' lang='lat' dir='ltr'><strong>consilii</strong></span> <span class='ocrx_word' id='word_1_201' title='bbox 1288 2848 1318 2907; x_wconf 89' lang='lat' dir='ltr'><strong>in</strong></span> <span class='ocrx_word' id='word_1_202' title='bbox 1339 2863 1434 2924; x_wconf 91' lang='lat' dir='ltr'><strong>pro-.</strong></span> 
     </span>
     <span class='ocr_line' id='line_1_25' title="bbox 295 2943 1417 3025; baseline -0.002 -15"><span class='ocrx_word' id='word_1_203' title='bbox 295 2949 407 3011; x_wconf 90' lang='lat' dir='ltr'><strong>ditione</strong></span> <span class='ocrx_word' id='word_1_204' title='bbox 435 2947 575 3010; x_wconf 81' lang='lat' dir='ltr'><strong>Catilinae</strong></span> <span class='ocrx_word' id='word_1_205' title='bbox 603 2945 745 3009; x_wconf 85' lang='lat' dir='ltr'><strong>auxilium</strong></span> <span class='ocrx_word' id='word_1_206' title='bbox 774 2949 964 3025; x_wconf 89' lang='lat' dir='ltr'><strong>quaesivisse.</strong></span> <span class='ocrx_word' id='word_1_207' title='bbox 973 2943 1009 3025; x_wconf 82' lang='lat'><strong>⁸⁰)</strong></span> <span class='ocrx_word' id='word_1_208' title='bbox 1059 2948 1184 3008; x_wconf 84' lang='lat' dir='ltr'><strong>Decreta</strong></span> <span class='ocrx_word' id='word_1_209' title='bbox 1212 2954 1281 3010; x_wconf 91' lang='lat' dir='ltr'><strong>sunt</strong></span> <span class='ocrx_word' id='word_1_210' title='bbox 1306 2947 1417 3025; x_wconf 86' lang='lat' dir='ltr'><strong>legatis</strong></span> 
     </span>
     <span class='ocr_line' id='line_1_26' title="bbox 225 3045 1415 3129; baseline -0.002 -18"><span class='ocrx_word' id='word_1_211' title='bbox 225 3075 228 3081; x_wconf 94' lang='lat'>·</span> <span class='ocrx_word' id='word_1_212' title='bbox 294 3051 487 3129; x_wconf 90' lang='lat' dir='ltr'><strong>Allobrogum</strong></span> <span class='ocrx_word' id='word_1_213' title='bbox 510 3049 688 3129; x_wconf 91' lang='lat' dir='ltr'><strong>proditionis</strong></span> <span class='ocrx_word' id='word_1_214' title='bbox 710 3045 899 3128; x_wconf 77' lang='lat' dir='ltr'><strong>praemia³¹),</strong></span> <span class='ocrx_word' id='word_1_215' title='bbox 929 3048 1071 3112; x_wconf 83' lang='lat' dir='ltr'><strong>sedtum</strong></span> <span class='ocrx_word' id='word_1_216' title='bbox 1095 3051 1202 3110; x_wconf 89' lang='lat' dir='ltr'><strong>misera</strong></span> <span class='ocrx_word' id='word_1_217' title='bbox 1224 3051 1317 3128; x_wconf 90' lang='lat' dir='ltr'><strong>ipsius</strong></span> <span class='ocrx_word' id='word_1_218' title='bbox 1340 3050 1415 3108; x_wconf 87' lang='lat' dir='ltr'><strong>civi·</strong></span> 
     </span>
    </p>
   </div>
   <div class='ocr_carea' id='block_1_3' title="bbox 293 3278 1419 4279">
    <p class='ocr_par' dir='ltr' id='par_1_3' title="bbox 294 3278 1417 3773">
     <span class='ocr_line' id='line_1_27' title="bbox 364 3278 1416 3354; baseline 0 -17"><span class='ocrx_word' id='word_1_219' title='bbox 364 3286 408 3352; x_wconf 77' lang='grc'><strong>76)</strong></span> <span class='ocrx_word' id='word_1_220' title='bbox 426 3287 481 3336; x_wconf 91' lang='lat' dir='ltr'><strong>Dio</strong></span> <span class='ocrx_word' id='word_1_221' title='bbox 499 3289 540 3345; x_wconf 84' lang='grc'><strong>36,</strong></span> <span class='ocrx_word' id='word_1_222' title='bbox 560 3288 604 3336; x_wconf 79' lang='lat'><strong>21:</strong></span> <span class='ocrx_word' id='word_1_223' title='bbox 624 3283 675 3337; x_wconf 80' lang='grc' dir='ltr'><strong>τοῦ</strong></span> <span class='ocrx_word' id='word_1_224' title='bbox 688 3284 819 3348; x_wconf 78' lang='grc' dir='ltr'><strong><em>Πίσωνος</em></strong></span> <span class='ocrx_word' id='word_1_225' title='bbox 836 3279 875 3354; x_wconf 84' lang='grc' dir='ltr'><strong>μὴ</strong></span> <span class='ocrx_word' id='word_1_226' title='bbox 895 3278 1100 3352; x_wconf 76' lang='grc' dir='ltr'><strong><em>ἐπιτρέψαντος</em></strong></span> <span class='ocrx_word' id='word_1_227' title='bbox 1118 3289 1178 3347; x_wconf 77' lang='grc' dir='ltr'><em>τοῖς</em></span> <span class='ocrx_word' id='word_1_228' title='bbox 1196 3278 1342 3353; x_wconf 76' lang='grc' dir='ltr'><strong>ὑπάρχοις,</strong></span> <span class='ocrx_word' id='word_1_229' title='bbox 1360 3303 1416 3337; x_wconf 82' lang='grc' dir='ltr'><strong>κα-</strong></span> 
     </span>
     <span class='ocr_line' id='line_1_28' title="bbox 295 3358 1417 3438; baseline 0 -16"><span class='ocrx_word' id='word_1_230' title='bbox 295 3366 433 3436; x_wconf 75' lang='grc' dir='ltr'><strong><em>ταλόγους</em></strong></span> <span class='ocrx_word' id='word_1_231' title='bbox 451 3361 483 3422; x_wconf 74' lang='grc' dir='ltr'><strong>ἐν</strong></span> <span class='ocrx_word' id='word_1_232' title='bbox 501 3367 683 3436; x_wconf 77' lang='grc' dir='ltr'><strong><em>τῇΤαλατίᾳ</em></strong></span> <span class='ocrx_word' id='word_1_233' title='bbox 701 3369 735 3436; x_wconf 80' lang='grc' dir='ltr'><strong>τῇ</strong></span> <span class='ocrx_word' id='word_1_234' title='bbox 753 3370 946 3438; x_wconf 78' lang='grc' dir='ltr'><strong><em>Ναρβωνησίᾳ</em></strong></span> <span class='ocrx_word' id='word_1_235' title='bbox 964 3359 998 3438; x_wconf 75' lang='grc' dir='ltr'><strong>ἧς</strong></span> <span class='ocrx_word' id='word_1_236' title='bbox 1016 3358 1085 3438; x_wconf 79' lang='grc' dir='ltr'><strong>ἦρχε</strong></span> <span class='ocrx_word' id='word_1_237' title='bbox 1102 3365 1290 3437; x_wconf 75' lang='grc' dir='ltr'><strong><em>ποιήσασθαι,</em></strong></span> <span class='ocrx_word' id='word_1_238' title='bbox 1308 3368 1417 3429; x_wconf 75' lang='grc' dir='ltr'><strong><em>δεινῶς</em></strong></span> 
     </span>
     <span class='ocr_line' id='line_1_29' title="bbox 294 3443 1415 3523; baseline 0.001 -16"><span class='ocrx_word' id='word_1_239' title='bbox 294 3448 309 3507; x_wconf 87' lang='grc' dir='ltr'>ὁ</span> <span class='ocrx_word' id='word_1_240' title='bbox 328 3443 425 3522; x_wconf 69' lang='lat' dir='ltr'><strong>ipsios</strong></span> <span class='ocrx_word' id='word_1_241' title='bbox 441 3445 623 3521; x_wconf 75' lang='grc' dir='ltr'><em>ἠγανάκτησε</em></span> <span class='ocrx_word' id='word_1_242' title='bbox 635 3452 690 3506; x_wconf 76' lang='grc' dir='ltr'><strong>καὶ</strong></span> <span class='ocrx_word' id='word_1_243' title='bbox 710 3446 800 3515; x_wconf 71' lang='grc' dir='ltr'><em>εὐθύς</em></span> <span class='ocrx_word' id='word_1_244' title='bbox 819 3448 848 3521; x_wconf 79' lang='grc' dir='ltr'><strong>γ’</strong></span> <span class='ocrx_word' id='word_1_245' title='bbox 865 3444 902 3507; x_wconf 77' lang='lat' dir='ltr'><strong>civ</strong></span> <span class='ocrx_word' id='word_1_246' title='bbox 921 3450 1008 3509; x_wconf 78' lang='grc' dir='ltr'><strong><em>αὐτὸν</em></strong></span> <span class='ocrx_word' id='word_1_247' title='bbox 1031 3449 1062 3507; x_wconf 77' lang='grc' dir='ltr'><strong>ἔκ</strong></span> <span class='ocrx_word' id='word_1_248' title='bbox 1085 3455 1136 3522; x_wconf 80' lang='grc' dir='ltr'><strong>τῆς</strong></span> <span class='ocrx_word' id='word_1_249' title='bbox 1154 3448 1243 3523; x_wconf 79' lang='grc' dir='ltr'><strong><em>ἀρχῆς</em></strong></span> <span class='ocrx_word' id='word_1_250' title='bbox 1261 3447 1415 3520; x_wconf 71' lang='grc' dir='ltr'><strong><em>ἐξήλασαν,</em></strong></span> 
     </span>
     <span class='ocr_line' id='line_1_30' title="bbox 296 3529 1416 3607; baseline -0.003 -16"><span class='ocrx_word' id='word_1_251' title='bbox 296 3535 324 3591; x_wconf 81' lang='grc' dir='ltr'><strong>εἰ</strong></span> <span class='ocrx_word' id='word_1_252' title='bbox 340 3531 378 3605; x_wconf 83' lang='grc' dir='ltr'><strong>μὴ</strong></span> <span class='ocrx_word' id='word_1_253' title='bbox 397 3529 412 3590; x_wconf 84' lang='grc' dir='ltr'>ὁ</span> <span class='ocrx_word' id='word_1_254' title='bbox 431 3531 583 3606; x_wconf 80' lang='grc' dir='ltr'>Πομπήϊος</span> <span class='ocrx_word' id='word_1_255' title='bbox 600 3533 791 3607; x_wconf 82' lang='grc' dir='ltr'><strong><em>παρῃτήσατο.</em></strong></span> <span class='ocrx_word' id='word_1_256' title='bbox 828 3539 885 3590; x_wconf 89' lang='lat' dir='ltr'><strong>Cic.</strong></span> <span class='ocrx_word' id='word_1_257' title='bbox 907 3540 941 3590; x_wconf 86' lang='lat' dir='ltr'><strong>ad</strong></span> <span class='ocrx_word' id='word_1_258' title='bbox 960 3540 1015 3590; x_wconf 82' lang='lat' dir='ltr'><strong>Aet.</strong></span> <span class='ocrx_word' id='word_1_259' title='bbox 1036 3543 1058 3600; x_wconf 91' lang='lat'><strong>1,</strong></span> <span class='ocrx_word' id='word_1_260' title='bbox 1078 3543 1123 3592; x_wconf 78' lang='lat'><strong>15:</strong></span> <span class='ocrx_word' id='word_1_261' title='bbox 1143 3542 1225 3601; x_wconf 86' lang='lat' dir='ltr'><strong>Scito,</strong></span> <span class='ocrx_word' id='word_1_262' title='bbox 1250 3543 1354 3604; x_wconf 84' lang='lat' dir='ltr'><strong>primam</strong></span> <span class='ocrx_word' id='word_1_263' title='bbox 1372 3555 1416 3589; x_wconf 83' lang='lat' dir='ltr'><strong>me</strong></span> 
     </span>
     <span class='ocr_line' id='line_1_31' title="bbox 295 3626 1416 3692; baseline 0.003 -20"><span class='ocrx_word' id='word_1_264' title='bbox 295 3639 345 3674; x_wconf 80' lang='lat' dir='ltr'><strong>non</strong></span> <span class='ocrx_word' id='word_1_265' title='bbox 367 3638 422 3674; x_wconf 88' lang='grc'><strong>1111</strong></span> <span class='ocrx_word' id='word_1_266' title='bbox 441 3631 556 3688; x_wconf 79' lang='lat' dir='ltr'><strong>repetem</strong></span> <span class='ocrx_word' id='word_1_267' title='bbox 575 3627 726 3674; x_wconf 83' lang='lat' dir='ltr'><strong>sententiam</strong></span> <span class='ocrx_word' id='word_1_268' title='bbox 744 3626 967 3692; x_wconf 81' lang='lat' dir='ltr'><strong>praepositumque</strong></span> <span class='ocrx_word' id='word_1_269' title='bbox 988 3641 1044 3676; x_wconf 88' lang='lat' dir='ltr'><strong>esse</strong></span> <span class='ocrx_word' id='word_1_270' title='bbox 1067 3626 1138 3676; x_wconf 78' lang='grc'><strong>11111</strong></span> <span class='ocrx_word' id='word_1_271' title='bbox 1159 3627 1416 3690; x_wconf 83' lang='lat' dir='ltr'><strong>pacificatorem</strong></span> 
     </span>
     <span class='ocr_line' id='line_1_32' title="bbox 295 3707 776 3773; baseline 0.004 -15"><span class='ocrx_word' id='word_1_272' title='bbox 295 3708 502 3771; x_wconf 83' lang='lat' dir='ltr'><strong>Allobropom</strong></span> <span class='ocrx_word' id='word_1_273' title='bbox 520 3707 570 3772; x_wconf 90' lang='lat' dir='ltr'><strong>(se.</strong></span> <span class='ocrx_word' id='word_1_274' title='bbox 585 3707 615 3760; x_wconf 89' lang='lat' dir='ltr'><strong>C.</strong></span> <span class='ocrx_word' id='word_1_275' title='bbox 627 3708 776 3773; x_wconf 87' lang='lat' dir='ltr'><strong>Pisonem).</strong></span> 
     </span>
    </p>

    <p class='ocr_par' dir='ltr' id='par_1_4' title="bbox 362 3789 861 3858">
     <span class='ocr_line' id='line_1_33' title="bbox 362 3789 861 3858; baseline 0.006 -18"><span class='ocrx_word' id='word_1_276' title='bbox 362 3790 407 3855; x_wconf 79' lang='grc'><strong>77)</strong></span> <span class='ocrx_word' id='word_1_277' title='bbox 427 3789 486 3842; x_wconf 76' lang='lat' dir='ltr'><strong>cie.</strong></span> <span class='ocrx_word' id='word_1_278' title='bbox 504 3808 553 3858; x_wconf 87' lang='lat' dir='ltr'><strong>pro</strong></span> <span class='ocrx_word' id='word_1_279' title='bbox 571 3793 604 3842; x_wconf 82' lang='lat' dir='ltr'><strong>L.</strong></span> <span class='ocrx_word' id='word_1_280' title='bbox 623 3793 739 3845; x_wconf 83' lang='lat' dir='ltr'><strong>Murena</strong></span> <span class='ocrx_word' id='word_1_281' title='bbox 756 3797 801 3854; x_wconf 78' lang='lat'><strong>20,</strong></span> <span class='ocrx_word' id='word_1_282' title='bbox 819 3796 861 3844; x_wconf 85' lang='lat'><strong>42.</strong></span> 
     </span>
    </p>

    <p class='ocr_par' dir='ltr' id='par_1_5' title="bbox 363 3874 880 3943">
     <span class='ocr_line' id='line_1_34' title="bbox 363 3874 880 3943; baseline 0.004 -17"><span class='ocrx_word' id='word_1_283' title='bbox 363 3875 405 3939; x_wconf 82' lang='grc'><strong>78)</strong></span> <span class='ocrx_word' id='word_1_284' title='bbox 425 3874 483 3926; x_wconf 88' lang='lat' dir='ltr'><strong>Cic.</strong></span> <span class='ocrx_word' id='word_1_285' title='bbox 502 3876 535 3928; x_wconf 85' lang='lat' dir='ltr'><strong>de</strong></span> <span class='ocrx_word' id='word_1_286' title='bbox 554 3878 665 3943; x_wconf 85' lang='lat' dir='ltr'><strong>haruap.</strong></span> <span class='ocrx_word' id='word_1_287' title='bbox 684 3893 755 3943; x_wconf 80' lang='lat' dir='ltr'><strong>resp.</strong></span> <span class='ocrx_word' id='word_1_288' title='bbox 775 3880 880 3940; x_wconf 70' lang='grc'><strong>1141.</strong></span> 
     </span>
    </p>

    <p class='ocr_par' dir='ltr' id='par_1_6' title="bbox 293 3959 1419 4279">
     <span class='ocr_line' id='line_1_35' title="bbox 362 3959 1419 4029; baseline 0.007 -18"><span class='ocrx_word' id='word_1_289' title='bbox 362 3959 405 4024; x_wconf 77' lang='lat'><strong>79)</strong></span> <span class='ocrx_word' id='word_1_290' title='bbox 424 3961 537 4014; x_wconf 84' lang='lat' dir='ltr'><strong>Sallust.</strong></span> <span class='ocrx_word' id='word_1_291' title='bbox 557 3961 669 4013; x_wconf 77' lang='grc'><strong>011.42</strong></span> <span class='ocrx_word' id='word_1_292' title='bbox 688 3967 769 4016; x_wconf 68' lang='lat' dir='ltr'><strong>extr:</strong></span> <span class='ocrx_word' id='word_1_293' title='bbox 788 3967 846 4013; x_wconf 87' lang='lat' dir='ltr'><strong>item</strong></span> <span class='ocrx_word' id='word_1_294' title='bbox 863 3965 889 4013; x_wconf 85' lang='lat' dir='ltr'><strong>in</strong></span> <span class='ocrx_word' id='word_1_295' title='bbox 906 3966 1027 4014; x_wconf 79' lang='lat' dir='ltr'><strong>ulteriore</strong></span> <span class='ocrx_word' id='word_1_296' title='bbox 1046 3965 1128 4015; x_wconf 81' lang='lat' dir='ltr'><strong>Gellio</strong></span> <span class='ocrx_word' id='word_1_297' title='bbox 1147 3965 1174 4015; x_wconf 82' lang='lat'><strong>0.</strong></span> <span class='ocrx_word' id='word_1_298' title='bbox 1193 3964 1304 4013; x_wconf 80' lang='lat' dir='ltr'><strong>Murena</strong></span> <span class='ocrx_word' id='word_1_299' title='bbox 1326 3966 1372 4029; x_wconf 80' lang='lat' dir='ltr'><strong>poi</strong></span> <span class='ocrx_word' id='word_1_300' title='bbox 1392 3969 1419 4018; x_wconf 87' lang='lat' dir='ltr'><strong>ei</strong></span> 
     </span>
     <span class='ocr_line' id='line_1_36' title="bbox 293 4047 1418 4114; baseline 0.008 -20"><span class='ocrx_word' id='word_1_301' title='bbox 293 4048 440 4109; x_wconf 82' lang='lat' dir='ltr'><strong>provinciae</strong></span> <span class='ocrx_word' id='word_1_302' title='bbox 458 4050 556 4112; x_wconf 77' lang='lat' dir='ltr'><strong>legatus</strong></span> <span class='ocrx_word' id='word_1_303' title='bbox 572 4056 696 4112; x_wconf 83' lang='lat' dir='ltr'><strong>praeerat</strong></span> <span class='ocrx_word' id='word_1_304' title='bbox 713 4049 768 4110; x_wconf 84' lang='lat' dir='ltr'><strong>(sc.</strong></span> <span class='ocrx_word' id='word_1_305' title='bbox 788 4047 940 4112; x_wconf 87' lang='lat' dir='ltr'><strong>complures</strong></span> <span class='ocrx_word' id='word_1_306' title='bbox 959 4049 986 4096; x_wconf 91' lang='lat' dir='ltr'><strong>in</strong></span> <span class='ocrx_word' id='word_1_307' title='bbox 1004 4049 1116 4099; x_wconf 86' lang='lat' dir='ltr'><strong>vincula</strong></span> <span class='ocrx_word' id='word_1_308' title='bbox 1135 4047 1323 4114; x_wconf 79' lang='lat' dir='ltr'><strong>coniecerat);</strong></span> <span class='ocrx_word' id='word_1_309' title='bbox 1344 4048 1418 4103; x_wconf 89' lang='lat' dir='ltr'><strong>ibid.</strong></span> 
     </span>
     <span class='ocr_line' id='line_1_37' title="bbox 293 4130 1419 4198; baseline 0.008 -20"><span class='ocrx_word' id='word_1_310' title='bbox 293 4130 369 4181; x_wconf 80' lang='lat' dir='ltr'><strong>init:</strong></span> <span class='ocrx_word' id='word_1_311' title='bbox 382 4133 470 4181; x_wconf 82' lang='lat' dir='ltr'><strong>iisdem</strong></span> <span class='ocrx_word' id='word_1_312' title='bbox 480 4131 538 4195; x_wconf 73' lang='lat' dir='ltr'><strong>sere</strong></span> <span class='ocrx_word' id='word_1_313' title='bbox 551 4133 703 4198; x_wconf 83' lang='lat' dir='ltr'><strong>temporibus</strong></span> <span class='ocrx_word' id='word_1_314' title='bbox 715 4134 741 4182; x_wconf 87' lang='lat' dir='ltr'><strong>in</strong></span> <span class='ocrx_word' id='word_1_315' title='bbox 756 4133 838 4182; x_wconf 82' lang='lat' dir='ltr'><strong>Gallia</strong></span> <span class='ocrx_word' id='word_1_316' title='bbox 850 4134 970 4182; x_wconf 85' lang='lat' dir='ltr'><strong>citeriore</strong></span> <span class='ocrx_word' id='word_1_317' title='bbox 984 4141 1061 4198; x_wconf 85' lang='lat' dir='ltr'><strong>atque</strong></span> <span class='ocrx_word' id='word_1_318' title='bbox 1073 4136 1193 4183; x_wconf 84' lang='lat' dir='ltr'><strong>ulteriore</strong></span> <span class='ocrx_word' id='word_1_319' title='bbox 1205 4160 1239 4168; x_wconf 90' lang='lat'><em>-</em></span> <span class='ocrx_word' id='word_1_320' title='bbox 1250 4140 1331 4183; x_wconf 84' lang='lat' dir='ltr'><strong>motus</strong></span> <span class='ocrx_word' id='word_1_321' title='bbox 1344 4145 1419 4186; x_wconf 83' lang='lat' dir='ltr'><strong>erat.</strong></span> 
     </span>
     <span class='ocr_line' id='line_1_38' title="bbox 294 4211 594 4279; baseline 0.02 -17"><span class='ocrx_word' id='word_1_322' title='bbox 294 4211 393 4279; x_wconf 83' lang='lat' dir='ltr'><strong>Agitur</strong></span> <span class='ocrx_word' id='word_1_323' title='bbox 410 4216 443 4266; x_wconf 91' lang='lat' dir='ltr'><strong>de</strong></span> <span class='ocrx_word' id='word_1_324' title='bbox 462 4231 534 4266; x_wconf 86' lang='lat' dir='ltr'><strong>anno</strong></span> <span class='ocrx_word' id='word_1_325' title='bbox 553 4218 594 4269; x_wconf 85' lang='grc'><strong>63.</strong></span> 
     </span>
    </p>
   </div>
   <div class='ocr_carea' id='block_1_4' title="bbox 361 4299 745 4448">
    <p class='ocr_par' dir='ltr' id='par_1_7' title="bbox 361 4299 745 4448">
     <span class='ocr_line' id='line_1_39' title="bbox 361 4299 745 4366; baseline 0.005 -17"><span class='ocrx_word' id='word_1_326' title='bbox 361 4299 405 4361; x_wconf 86' lang='grc'><strong>80)</strong></span> <span class='ocrx_word' id='word_1_327' title='bbox 424 4299 537 4351; x_wconf 85' lang='lat' dir='ltr'><strong>Sallust.</strong></span> <span class='ocrx_word' id='word_1_328' title='bbox 557 4300 618 4353; x_wconf 83' lang='lat' dir='ltr'><strong>Cet.</strong></span> <span class='ocrx_word' id='word_1_329' title='bbox 635 4305 669 4354; x_wconf 78' lang='lat' dir='ltr'><strong>to</strong></span> <span class='ocrx_word' id='word_1_330' title='bbox 686 4317 745 4366; x_wconf 91' lang='lat' dir='ltr'><strong>sqq.</strong></span> 
     </span>
     <span class='ocr_line' id='line_1_40' title="bbox 361 4381 594 4448; baseline 0.009 -16"><span class='ocrx_word' id='word_1_331' title='bbox 361 4381 404 4448; x_wconf 89' lang='lat'><strong>81)</strong></span> <span class='ocrx_word' id='word_1_332' title='bbox 424 4383 492 4435; x_wconf 85' lang='lat' dir='ltr'><strong>Ibid.</strong></span> <span class='ocrx_word' id='word_1_333' title='bbox 513 4401 536 4437; x_wconf 90' lang='lat' dir='ltr'><strong>c.</strong></span> <span class='ocrx_word' id='word_1_334' title='bbox 554 4387 594 4436; x_wconf 85' lang='lat'><strong>50.</strong></span> 
     </span>
    </p>
   </div>
   <div class='ocr_carea' id='block_1_5' title="bbox 0 0 1582 5162">
    <p class='ocr_par' dir='ltr' id='par_1_8' title="bbox 0 0 1582 5162">
     <span class='ocr_line' id='line_1_41' title="bbox 0 0 1582 5162; baseline 0 0"><span class='ocrx_word' id='word_1_335' title='bbox 0 0 1582 5162; x_wconf 95' lang='lat' dir='ltr'><strong> </strong></span> 
     </span>
    </p>
   </div>
  </div>
 </body>
</html>
