3148 5160
344 449 405 511 208
730 444 814 502 Plus
835 446 866 502 ll.
910 444 1016 501 CAPVT
1038 447 1069 502 ll.

344 630 477 673 caussam
500 611 673 672 referendas
702 630 783 682 esse,
813 613 872 672 iam
900 631 989 691 supra
1019 611 1220 673 indicavimus.
1264 614 1360 688 Atque
1384 613 1457 672 eius·

342 713 423 774 modi
445 731 532 775 casus
560 714 584 773 si
612 715 643 774 in
672 729 727 790 qna
751 715 900 792 provincia
924 713 1084 783 acciderat,
1115 715 1212 793 primo
1239 712 1307 778 loco
1335 715 1459 774 rectoris

342 816 513 894 provinciae
537 821 615 884 erat,
640 815 677 875 de
700 833 733 876 ea
755 833 789 876 re
812 814 991 884 decernere;
1022 824 1051 874 et
1073 817 1147 876 sicut
1170 816 1300 876 Viennae
1323 814 1460 874 Tiberius
1556 825 1557 828 ’

343 917 464 986 Caesar,
489 917 539 993 qui
561 918 626 976 iure
648 918 840 996 imperatorio
862 924 924 976 tum
945 918 977 976 in
993 915 1094 977 Galliis
1116 916 1268 986 utebatur,
1291 917 1384 975 finem
1406 917 1458 975 im·
1556 915 1557 972 i

341 1020 440 1096 posuit
461 1017 520 1079 illis
543 1017 792 1088 dissensionibus,
824 1025 911 1097 atque
939 1019 1014 1079 sicut
1041 1036 1118 1078 anno
1141 1037 1169 1098 p.
1194 1017 1246 1078 Cb.
1273 1023 1312 1084 19
1336 1017 1458 1077 Germa·
1556 1019 1557 1054 l

265 1179 271 1192 „
342 1122 425 1180 nicus
448 1119 552 1180 eodem
575 1120 639 1179 iure
661 1121 828 1198 provincias
850 1121 976 1180 internis
992 1120 1203 1182 certaminibus
1217 1120 1313 1180 fessas
1329 1120 1460 1197 suscepit
1497 1141 1500 1146 ·

341 1217 590 1299 refovendas¹²⁹),
614 1222 652 1281 ita
677 1221 737 1281 sive
760 1222 909 1282 referente
932 1221 967 1280 ad
991 1239 1057 1282 eum
1073 1220 1250 1300 proconsule
1273 1223 1335 1282 sive
1358 1220 1458 1300 appel·

342 1321 470 1383 lantibus
491 1324 566 1401 ipsis
588 1321 832 1383 Narbonensibus
853 1323 1000 1400 Augustus
1022 1325 1229 1384 contentiones
1256 1322 1322 1384 illas
1344 1322 1459 1382 videtur

343 1423 462 1485 sedasse
484 1440 579 1501 eoque
602 1423 690 1484 modo
713 1423 820 1484 iudicia
847 1423 943 1502 plebis
971 1423 1165 1485 decurionum
1192 1424 1308 1484 iudiciis
1336 1425 1458 1484 coniun-

341 1526 436 1594 xisse,
470 1531 557 1604 atque
587 1528 628 1585 ita
664 1543 729 1585 cum
762 1542 866 1603 paoem
901 1515 1080 1586 reddidisset
1111 1525 1258 1594 coloniae,
1292 1525 1380 1586 facile
1414 1527 1457 1585 in·

341 1625 505 1703 tellegitur,
534 1646 587 1687 cur
619 1626 705 1706 plebs
733 1625 935 1687 Narbonensis
962 1629 1086 1703 gratiam
1122 1628 1149 1686 ei
1175 1626 1301 1686 vuluerit
1333 1627 1457 1686 referre.
1555 1629 1557 1680 l

344 1761 379 1770 -—
404 1728 440 1787 At
462 1729 487 1788 si
517 1728 590 1788 ordo
617 1729 648 1788 in
676 1726 813 1788 creandis
841 1728 1061 1805 magistratibus
1088 1745 1169 1816 suam
1198 1744 1315 1806 quoque
1343 1735 1457 1807 partem
1556 1711 1557 1764 l

342 1845 464 1906 eamque
493 1828 569 1889 baud
597 1831 637 1891 ita
664 1828 760 1890 levem
789 1828 932 1896 habebat,
961 1829 1047 1890 simul
1076 1828 1371 1909 comprehendimus,
1402 1845 1457 1906 quo
1491 1837 1495 1858 “

341 1930 428 1990 modo
452 1931 559 1991 lactum
583 1931 635 1999 sit,
660 1938 693 1991 nt
716 1938 811 1991 aetate
834 1932 1063 2011 imperatorum,
1087 1938 1243 2010 postquam
1264 1931 1378 1990 Romae
1401 1931 1456 1990 iarn

340 2051 356 2091 a
379 2030 498 2091 'liberio
521 2033 639 2091 comitia
662 2051 678 2092 e
700 2051 805 2110 campo
827 2035 857 2093 in
881 2040 1014 2093 senatum
1037 2041 1106 2093 sunt
1128 2031 1283 2100 translata,
1306 2031 1456 2110 paullatim
1556 2073 1557 2078 η

340 2135 370 2192 in
392 2135 559 2212 municipiis
581 2150 697 2210 quoque
713 2133 897 2212 praevaleret
918 2135 949 2194 in
971 2133 1165 2195 electionibus
1179 2134 1319 2194 iudicium
1344 2133 1456 2193 ordinis

340 2251 437 2311 neque
459 2236 517 2295 iam
540 2236 674 2295 curiatim
699 2242 727 2295 et
756 2237 845 2295 certis
871 2235 1058 2314 temporibus
1086 2236 1213 2314 populus
1243 2241 1456 2295 convocaretur

340 2335 374 2395 ad
392 2336 535 2397 creandos
549 2338 747 2414 magistratus,
772 2337 824 2396 sed
847 2339 1003 2398 occasione
1019 2337 1085 2397 data
1100 2338 1164 2398 tuse
1183 2337 1364 2397 conveniens
1388 2353 1454 2396 can·

341 2436 455 2498 didaces
486 2437 522 2497 ab
550 2438 653 2498 ordine
681 2439 852 2516 propositos
887 2457 1033 2500 consensu
1068 2457 1121 2499 suo
1154 2436 1349 2516 approbaret,
1384 2438 1457 2496 sicut

340 2535 505 2617 approbare
529 2537 642 2598 solebat
664 2537 783 2600 decreta
806 2537 965 2601 honoraria
993 2539 1030 2600 ab
1059 2539 1165 2599 ordine
1187 2537 1358 2598 huminibus
1380 2538 1454 2598 bene

340 2639 377 2699 de
400 2640 559 2718 municipio
581 2641 697 2700 meritis
719 2640 839 2701 decreta
863 2642 939 2722 (app.
965 2659 1014 2701 nn.
1040 2644 1110 2707 388.
1134 2637 1216 2718 453).
1261 2639 1340 2710 Qsslss
1368 2641 1454 2699 ellam
1555 2657 1556 2664 ’

339 2743 370 2801 in
404 2741 650 2820 inscriptionibus
679 2748 760 2801 extra
788 2749 919 2802 nostram
949 2743 1130 2821 provinciam
1158 2743 1287 2820 repertis
1314 2741 1454 2820 populum
1555 2763 1556 2768 ¹

340 2842 472 2904 videmus
494 2861 671 2904 consensum
692 2849 730 2903 .et
760 2843 937 2904 voluntatem
966 2862 1049 2904 suam
1071 2843 1205 2923 profiteri
1232 2844 1262 2902 in
1286 2841 1406 2904 theatro
1428 2849 1456 2902 et
1555 2853 1556 2894 ῑ

339 2946 369 3004 in
394 2943 577 3022 spectaculis.
589 2940 636 3022 130)
681 2945 717 3004 At
739 2943 812 3004 haec
838 2947 979 3024 propiora
1009 2952 1078 3006 sunt
1104 2944 1289 3023 temporibus
1312 2944 1454 3005 Constan-

340 3047 392 3106 tini
414 3065 500 3124 quam
525 3047 660 3123 Augusti:
684 3047 780 3124 prima
803 3048 904 3125 utique
926 3065 1069 3107 novorum
1084 3047 1287 3107 institutorum
1308 3054 1405 3107 aetate
1426 3047 1454 3105 in

290 3198 300 3212 s
339 3145 432 3207 Gallia
454 3148 592 3225 inprimis
613 3145 729 3206 indoles
752 3154 914 3226 naturaque
936 3147 1038 3227 populi
1066 3146 1193 3208 debebat
1216 3148 1349 3217 efficere,
1374 3153 1456 3207 utet

339 3247 486 3307 candidati
515 3255 543 3306 et
564 3247 691 3326 populus
720 3250 853 3327 ipsorum
883 3250 1068 3309 comitiorum
1097 3250 1162 3308 iure
1189 3248 1278 3328 plene
1299 3254 1455 3309 uterentur

340 3354 369 3408 et
391 3350 470 3409 acria
493 3347 588 3408 studia
611 3349 647 3410 ad
671 3351 857 3410 comitiorum
880 3353 1039 3411 certamina
1063 3351 1213 3412 afferrent.

424 3449 465 3509 lle
488 3451 583 3510 lorma
605 3458 702 3512 autem
723 3452 909 3512 comitiorum
932 3450 1153 3523 habendorum,
1182 3453 1218 3512 de
1241 3453 1384 3530 suffragio
1411 3452 1454 3511 in·

340 3550 470 3610 cularum
493 3558 522 3611 et
544 3550 719 3614 libertorum
743 3560 772 3612 et
795 3551 938 3614 similibus
961 3553 1183 3632 quaestionibus
1198 3572 1267 3614 cum
1283 3572 1319 3614 ex
1344 3553 1455 3614 nostris

337 3652 578 3730 inscriptionibus
600 3652 672 3713 nihil
695 3655 814 3715 omuino
829 3654 985 3724 redundet,
1009 3654 1189 3715 abstinemus
1212 3655 1363 3715 disserere
1385 3656 1455 3716 satis

338 3753 482 3814 hahentes
496 3755 746 3824 animadvertisse,
772 3754 921 3816 catabula
937 3755 1108 3817 Malacitana
1124 3755 1215 3834 (rubr.
1229 3757 1279 3834 53)
1297 3775 1453 3836 apparere,

337 3856 368 3915 in
396 3855 511 3934 oppidis
537 3857 639 3932 utique
668 3855 780 3916 Latinis
813 3855 940 3928 incola's,
976 3859 1027 3934 qui
1061 3858 1139 3917 cives
1167 3856 1291 3918 Romani
1322 3857 1454 3917 Latinive
1553 3889 1554 3902 κ

404 4126 464 4189 129)
482 4127 549 4178 Tac.
570 4126 662 4177 annal.
679 4128 708 4189 2,
727 4127 767 4176 54.
973 4193 977 4200 Ι

405 4211 465 4277 130)
485 4210 542 4263 cfr.
562 4210 685 4276 quaeda
704 4212 757 4262 hec
775 4227 805 4260 re
826 4210 907 4262 affert
923 4211 1060 4278 Philippi,
1078 4214 1133 4262 Zur
1146 4212 1314 4264 Geschichte
1334 4212 1387 4262 des
1406 4213 1456 4262 Pa·

336 4301 444 4346 tronats
461 4288 528 4346 iiber
542 4295 704 4360 juriatische
716 4295 857 4347 Personen
875 4297 903 4346 iu
920 4296 1018 4350 Rhein.
1031 4297 1157 4347 Museum
1175 4297 1207 4348 N.
1221 4297 1252 4346 F.
1271 4297 1342 4348 VIII
1363 4296 1455 4366 (1853)

336 4396 362 4445 p.
381 4381 439 4432 612.
