3154 5162
345 454 405 518 160
725 453 810 511 rans
832 454 861 511 n.
906 453 1012 512 curvr
1036 453 1066 512 n.
1136 435 1138 440 '

344 639 408 682 esse
431 621 617 691 Latinorum,
648 627 800 700 exemptos
829 640 892 681 esse
920 619 957 681 ab
986 622 1113 700 imperio
1138 620 1342 700 proconsulis;
1375 629 1406 682 at
1432 625 1456 682 si

343 725 510 784 accuratius
532 724 723 802 inquirimus,
748 739 823 800 quae
846 741 949 783 revera
971 723 1062 784 luerit
1084 741 1118 782 ea
1141 724 1299 802 exemptio,
1322 723 1455 784 volunta·

342 827 418 886 riam
440 831 554 888 tantum
577 824 812 886 iurisdictionem
834 826 1001 886 invenimus
1016 823 1236 902 magistratibus
1251 823 1364 886 Latinis
1387 844 1455 886 con·

342 924 513 1007 cessem²⁰):
543 928 574 987 in
603 926 727 1004 reliquis
755 926 892 987 omnibus
920 925 1011 987 rebus
1042 942 1137 1003 aeque
1164 926 1303 988 Romanis
1329 925 1453 1005 legibus,

340 1027 482 1089 Romanis
503 1027 624 1090 tributis
647 1037 735 1106 atque
757 1027 898 1088 oneribus
921 1035 1007 1088 erant
1029 1029 1150 1088 astricti.
1189 1028 1253 1100 Quo
1274 1030 1387 1090 tactum
1403 1037 1452 1099 est,

340 1136 374 1190 ut
395 1130 524 1191 foederis
545 1129 648 1191 titulus
670 1131 700 1190 in
723 1130 833 1191 Latinis
856 1129 987 1209 oppidis,
1018 1148 1085 1190 eum
1112 1148 1172 1191 non
1199 1132 1258 1190 nisi
1285 1149 1321 1191 ex
1349 1133 1454 1193 veteris

340 1234 484 1312 temporis
513 1238 627 1292 extaret
656 1233 812 1300 memoria,
843 1230 998 1311 paullatim
1026 1231 1248 1293 oblitteraretur
1282 1239 1312 1293 et
1344 1233 1392 1292 vel
1424 1235 1454 1292 in

340 1333 467 1413 publicis
493 1335 641 1412 Agrippae
669 1333 889 1394 commentariis
921 1333 1050 1410 indeque
1077 1336 1108 1393 in
1137 1333 1224 1394 Plinii
1252 1333 1454 1415 descriptione

340 1438 457 1516 imperii
480 1435 590 1496 diserte
610 1435 866 1513 distinguerentur
889 1436 1021 1496 civitates
1042 1435 1213 1496 foederatae
1235 1434 1380 1496 aLatirris
1402 1455 1454 1516 op·

339 1539 432 1617 pidis,
461 1537 588 1616 ideoque
618 1540 650 1598 in
681 1545 781 1598 nostra
809 1537 960 1616 provincia
986 1538 1198 1598 Vocontiorum
1224 1538 1327 1598 civitas
1352 1537 1453 1598 foede-

339 1647 417 1710 rata,
442 1658 517 1718 quae
539 1639 643 1700 Latina
667 1647 730 1700 erat
753 1647 782 1700 et
803 1641 880 1718 ipsa,
912 1640 1102 1718 exciperetur
1125 1657 1159 1699 ex
1183 1637 1306 1716 reliquis
1328 1638 1450 1700 Latinis.

339 1742 381 1803 th
411 1741 500 1802 altera
531 1749 629 1802 autem
656 1751 740 1821 parte
766 1739 824 1800 hoc
851 1741 1072 1801 foederatorum
1100 1758 1296 1820 genusque
1319 1742 1454 1802 Vocontii

339 1842 677 1923 comprehendebantur,
702 1861 761 1903 non
783 1846 881 1904 minus
904 1843 1097 1921 distinguitur
1120 1842 1319 1904 acivitetibus
1340 1842 1452 1912 liberis,

338 1947 402 2032 sive
423 1952 454 2006 ut
476 1944 593 2025 plenius
616 1945 765 2014 dicuntur,
789 1943 891 2005 liberis
915 1952 944 2005 et
958 1944 1126 2006 foederatis.
1173 1945 1255 2016 Quae
1276 1945 1369 2022 igitur
1390 1945 1453 2005 ioe-

338 2048 417 2108 deris
439 2049 651 2109 Vocontiorum
675 2053 739 2108 erat
761 2048 884 2108 natural
929 2046 1060 2108 Positum
1088 2054 1152 2107 erat
1173 2046 1203 2106 id
1225 2045 1331 2106 foedus
1353 2063 1453 2124 neque

337 2151 367 2209 in
390 2151 586 2220 immunitate,
611 2158 644 2212 ut
667 2167 743 2227 quae
765 2149 927 2211 liberarum
949 2147 1037 2209 modo
1060 2150 1211 2208 civitatum
1233 2153 1323 2217 esset,
1354 2165 1453 2226 neque

337 2253 367 2311 in
390 2270 439 2321 eo,
470 2257 503 2311 ut
531 2268 654 2330 prorsus
685 2252 814 2330 exempti
843 2257 941 2311 essent
964 2269 979 2311 a
1001 2249 1188 2329 proconsulis
1209 2250 1353 2328 imperio:
1382 2268 1453 2310 nam

337 2361 369 2414 ut
391 2360 541 2414 taceamus
565 2353 601 2413 de
623 2352 836 2422 iurisdictione,
861 2354 885 2412 si
908 2351 1115 2414 communibus
1130 2349 1356 2431 provincialium
1379 2369 1451 2412 one-

335 2453 419 2515 ribus
442 2457 556 2516 astricti
585 2463 683 2525 erant‚
714 2454 861 2531 quomodo
890 2455 1014 2531 eogitari
1041 2460 1153 2534 potest,
1184 2452 1333 2514 Romanos
1361 2453 1451 2514 absti-

337 2558 452 2627 nuisse,
483 2559 513 2616 in
537 2575 640 2617 eorum
663 2555 947 2617 administrationem
968 2558 1116 2616 internam
1138 2556 1169 2615 id
1191 2573 1333 2616 exercere
1355 2557 1452 2634 impe-

335 2659 374 2718 rii
395 2659 451 2728 ius,
476 2658 554 2735 quod
577 2660 745 2719 necessario
767 2660 958 2719 coniunctum
982 2663 1045 2718 erat
1067 2676 1135 2717 cum
1149 2658 1338 2736 impositione
1354 2656 1451 2718 tribu-

337 2766 433 2821 torum
456 2759 510 2820 soli
534 2767 563 2820 et
585 2761 707 2839 capitis?
751 2761 787 2821 At
813 2762 943 2840 positum
972 2777 1035 2820 esse
1062 2765 1179 2838 poterat
1208 2761 1239 2819 in
1262 2778 1312 2835 eo,
1342 2768 1376 2820 ut
1399 2759 1451 2819 ad·

334 2863 565 2925 ministrationis.
582 2861 770 2941 muntcipalis
793 2862 888 2922 forma
916 2859 952 2921 ab
981 2860 1082 2922 italica
1110 2862 1223 2921 ratione
1252 2859 1349 2922 aliena
1378 2879 1451 2920 con-

334 2964 506 3028 cederetur:
531 2983 642 3026 verum·
656 2963 777 3024 Latinos
799 2964 890 3024 luisse
913 2964 1072 3023 Vocontios
1095 2961 1202 3024 Strabo
1224 2962 1335 3024 diserte
1357 2970 1450 3024 testo-

333 3064 436 3145 tur.²¹)
481 3067 582 3128 Restat
603 3068 694 3146 igitur
715 3065 746 3125 id
768 3072 883 3126 tantum
906 3064 1080 3135 discrimen,
1110 3073 1143 3126 ut
1164 3065 1187 3124 ii
1209 3063 1329 3141 quidem
1351 3064 1450 3126 latini-

333 3174 424 3229 tatem
452 3186 511 3228 non
535 3187 570 3229 ex
593 3168 658 3248 lege
681 3169 865 3247 acceperint,
896 3165 948 3226 sed
972 3177 1014 3226 ex·
1030 3165 1151 3226 loedere
1173 3167 1356 3246 receperint,
1387 3167 1450 3226 sive

333 3277 380 3340 ut,
410 3289 478 3330 cum
500 3269 622 3350 reliquis
651 3270 716 3348 lege
741 3270 870 3331 Romana
898 3270 1069 3348 impositum
1093 3275 1172 3328 esset
1193 3269 1239 3330 ius
1261 3267 1336 3328 Latii
1358 3274 1450 3345 atque

332 3371 389 3432 hoc
410 3373 477 3450 ipso
500 3391 533 3432 ea
556 3372 705 3442 condicio,
735 3391 792 3452 qua
815 3370 1034 3432 foederatorum
1063 3369 1279 3448 quodammodo
1306 3369 1373 3430 loco
1395 3368 1449 3429 ha-

332 3473 490 3543 berentur,
519 3474 596 3554 apud
619 3476 776 3536 Vocontios
803 3476 901 3553 primo
926 3473 992 3534 loco
1014 3473 1105 3533 luerit
1126 3471 1348 3532 foederatorum
1370 3471 1449 3531 ratio

332 3593 349 3636 a
370 3574 511 3637 Romanis
539 3595 691 3646 concessa,
722 3578 786 3636 eius
814 3581 913 3636 eutem
941 3569 1158 3635 foederis'una
1180 3573 1355 3634 condicione
1377 3591 1448 3641 cau·

331 3683 394 3738 tum
418 3679 468 3747 sit,
497 3684 531 3739 ut
559 3677 594 3738 ad
622 3679 796 3739 Latinorum
824 3678 1001 3757 oppidorum
1030 3678 1156 3737 formam
1183 3693 1269 3736 suam
1296 3677 1449 3737 civitatem

331 3780 465 3840 Vocontii
487 3779 752 3839 accommodarent.
797 3781 834 3840 Et
855 3784 1011 3859 praeterea
1040 3777 1126 3848 aliam
1154 3795 1273 3856 quoque
1296 3778 1398 3838 eiuss
1435 3811 1450 3822 -

331 3880 411 3941 deris
433 3880 637 3941 condicionem
659 3879 730 3940 mibi
754 3881 854 3942 videor
874 3882 1036 3948 invenisse,
1068 3866 1125 3959 qua
1148 3899 1163 3940 a
1189 3879 1313 3966 reliquis
1335 3879 1449 3940 Latinis

330 3983 464 4042 Vocontii
486 3981 675 4051 differebant,
706 3982 837 4044 delectus
865 3981 978 4043 scilicet
1002 3984 1156 4042 rationem.
1203 3981 1289 4053 Quod
1313 3983 1394 4042 enirn
1415 3983 1449 4042 in

328 4084 522 4164 inscriptione
551 4084 678 4162 quadam
705 4091 955 4148 commemoratur
986 4083 1031 4144 ala
1054 4085 1264 4146 Vocontiorum
1294 4086 1451 4146 exercitus

394 4321 438 4388 20)
457 4321 514 4376 Otr.
532 4325 697 4382 Mommsen,
719 4323 820 4373 Stadtr.
839 4339 866 4387 p.
884 4323 943 4376 402.
985 4323 988 4330 '

395 4405 439 4473 m)
459 4407 557 4458 Strabo
575 4409 622 4462 IV.
641 4425 667 4473 p.
686 4410 744 4486 203.
776 4406 825 4457 cfr.
845 4421 928 4473 supra
946 4423 973 4472 p.
992 4407 1034 4458 et.
