3184 5162
288 443 336 504 10
755 441 951 499 Psootmvn.

295 617 431 689 tempore
453 608 637 670 advenerunt
664 616 694 669 et
715 608 921 671 Phocaeenses
948 609 1035 670 lones
1063 616 1093 668 et
1119 608 1234 668 Rhodii.
1285 608 1321 670 Et
1343 608 1412 668 illos

297 711 425 788 quidem,
449 712 499 788 qui
521 711 643 772 audacia
665 713 883 788 navigationum
906 729 960 789 per
977 713 1067 771 maria
1084 711 1217 772 Siculum
1233 710 1411 790 etTyrrhe·

297 832 367 874 num
394 820 458 873 tum
486 812 625 876 omnihus
652 815 773 874 Graecis
808 811 1013 892 praestabant,
1041 811 1107 899 'sub
1136 814 1411 890 quinquagesimam

296 917 428 992 quintam
443 916 506 976 lere
523 914 727 994 Olympiadem
750 916 811 975 sive
826 933 903 976 anno
927 916 1045 974 circiter
1061 919 1122 980 666
1138 934 1163 974 a.
1180 914 1232 975 uh.
1250 933 1278 974 u.
1302 931 1411 992 perve-

295 1018 376 1077 nisse
399 1017 434 1078 ad
458 1034 539 1076 oram
557 1016 667 1077 Galliae
683 1024 712 1077 et
727 1019 785 1077 iam
808 1024 872 1077 tum
887 1016 1092 1077 Massiliam
1108 1015 1286 1084 condidisse,
1303 1035 1409 1094 quam·

214 1143 217 1149 ·
295 1137 383 1197 quam
407 1118 522 1179 diversa
537 1121 662 1179 inter-se
684 1120 846 1197 scriptores
870 1125 984 1179 veteres
1007 1119 1043 1178 de
1066 1137 1100 1178 ea
1122 1136 1156 1177 re
1178 1116 1306 1186 tradunt,
1330 1135 1413 1177 nunc

295 1229 394 1281 tamen
416 1228 497 1281 recte
521 1220 607 1298 vulgo
635 1222 786 1299 accipitur.
796 1216 833 1297 ³²)
873 1220 1072 1281 Massilienses
1094 1225 1194 1280 autem
1223 1219 1321 1296 quoad
1343 1227 1411 1298 pot·

296 1329 380 1384 erant
401 1323 528 1383 amicitia
551 1329 580 1381 et
601 1321 723 1382 loedere
744 1321 891 1400 indigenis
911 1323 1019 1390 iuncti,
1043 1321 1094 1381 uhi
1117 1322 1207 1380 araus
1222 1320 1411 1400 petebantur,

322 1459 599 1466 ...β--σ-..ῄ-

363 1523 409 1590 37)
427 1527 569 1590 Frequens
588 1529 631 1575 est
649 1525 722 1590 apud
740 1528 850 1575 veteres
868 1525 1017 1590 scriptores
1036 1524 1256 1576 commemoratio
1274 1525 1414 1596 originum

295 1611 452 1675 Massiliae,
472 1611 521 1660 sed
539 1611 579 1660 ita
597 1611 670 1660 inter
688 1624 717 1659 se
736 1609 871 1670 differunt,
890 1614 921 1658 ut
939 1609 1022 1658 alteri
1040 1625 1112 1660 anno
1130 1609 1189 1660 fere
1202 1612 1252 1662 600
1271 1625 1296 1660 a.
1310 1609 1360 1659 ch.
1373 1625 1412 1671 n.,

296 1695 378 1746 alteri
397 1713 421 1746 a.
440 1697 489 1746 536
507 1695 646 1745 conditam
664 1709 725 1744 eam
742 1694 863 1744 tradant.
892 1694 928 1743 Et
945 1693 1022 1744 illam
1041 1694 1150 1758 quidem
1168 1693 1344 1745 traditionem
1356 1695 1413 1760 pri-

295 1795 354 1830 mus
372 1779 475 1830 diserte
493 1780 618 1843 sequitur
635 1779 766 1828 Timaeus
785 1779 858 1844 apud
871 1778 1017 1844 Scamnum
1036 1778 1133 1828 Chium
1146 1781 1288 1842 210-214,
1309 1795 1413 1830 annum

296 1866 423 1916 indicans
437 1868 502 1915 ante
514 1879 635 1929 pugnam
648 1863 829 1915 Salaminiam
842 1866 904 1926 120,
924 1865 971 1930 qui
984 1879 1071 1914 annus
1085 1868 1127 1913 est
1140 1880 1164 1912 a.
1179 1863 1228 1915 Ch.
1240 1865 1303 1928 600,
1322 1880 1340 1915 a
1359 1880 1413 1930 quo

296 1967 350 2002 non
369 1949 499 2002 abhorret
515 1949 662 2008 Eusebius,
683 1951 729 2015 qui
747 1949 776 1998 in
794 1947 990 1999 chronicorum
1008 1948 1079 2000 libro
1098 1947 1287 2015 Olympiadem
1305 1949 1415 2000 indicat

296 2035 537 2101 quadragesimam
561 2035 718 2109 septimam·
730 2034 846 2099 (Chaon.
866 2035 923 2098 bip.
943 2034 979 2084 11.
998 2051 1024 2099 p.
1045 2036 1091 2084 191
1111 2033 1246 2096 bucher),
1266 2049 1356 2099 neque
1376 2037 1413 2086 ab

294 2121 338 2172 his
356 2120 450 2170 differt
467 2121 587 2170 Iustinus
605 2122 650 2181 43,
670 2123 700 2179 3,
725 2119 748 2168 si
766 2118 917 2183 Tarquinio
935 2117 1039 2169 Romae
1061 2123 1197 2185 regnante
1217 2119 1415 2170 Phocaeenses

295 2205 449 2258 Massiliam
467 2205 535 2255 dicit
553 2205 722 2266 condidisse,
747 2219 810 2254 nam
829 2204 994 2268 Tarquinius
1018 2205 1042 2253 is
1062 2207 1104 2253 est
1121 2204 1245 2266 Priscum
1269 2204 1335 2254 item
1359 2205 1414 2255 huc

296 2292 401 2342 referas
415 2289 572 2340 Aristotelis
590 2288 690 2339 librum
702 2288 873 2353 deperditum
890 2288 923 2337 de
936 2288 1081 2353 republica
1092 2287 1310 2338 Massiliensium
1324 2287 1415 2354 (apud

295 2376 468 2425 Athenaeum
486 2376 531 2433 13,
550 2375 583 2424 36
603 2376 630 2424 et
647 2373 814 2437 Harpocrat.
833 2388 854 2423 s.
872 2388 899 2423 v.
917 2371 1085 2436 Μασσαλία)
1105 2377 1133 2422 et
1150 2373 1328 2424 Plutarchum
1347 2373 1415 2437 (So-

295 2460 350 2510 lon.
370 2461 415 2523 2),
438 2468 468 2508 ut
491 2459 538 2522 qui
562 2457 595 2507 de
613 2456 759 2507 Massiliae
782 2458 935 2524 originibus
958 2457 1126 2507 disserentes
1150 2457 1264 2508 eandem
1282 2458 1360 2508 illam
1378 2460 1415 2510 de

296 2547 379 2596 Proto
397 2545 457 2595 sire
474 2543 589 2593 Eusene
607 2541 825 2592 Phocaeensium
843 2541 913 2592 duce
932 2543 1064 2605 fabulam,
1085 2557 1166 2606 quam
1178 2543 1298 2593 Iustinus
1316 2544 1415 2608 habet,

296 2630 421 2691 tradant;
451 2627 568 2691 denique
590 2627 718 2678 conferas
742 2627 827 2676 etiam
849 2626 1016 2677 Antiochum
1042 2626 1115 2692 apud
1132 2625 1224 2676 Strab.
1241 2627 1288 2678 VL
1307 2644 1333 2692 p.
1352 2631 1414 2692 252,

296 2715 352 2774 ubi,
371 2715 396 2764 si
414 2713 538 2778 sequeris
556 2712 702 2763 lectionem
721 2713 858 2763 codicum:
884 2709 956 2776 Φησὶ
975 2704 1002 2762 δ’
1019 2702 1158 2776 Ἀντίοχος
1176 2709 1310 2771 Φωκαίας
1327 2703 1416 2764 ἁλού-

296 2814 347 2866 σης
369 2789 422 2863 ὑφ’
444 2788 581 2863 Ἁρπάγου
604 2786 636 2832 -’
654 2794 774 2848 πλεῦσαι
796 2795 907 2859 πρῶτον
931 2792 972 2855 εἰς
996 2788 1107 2859 Κύρνον
1128 2792 1178 2846 καὶ
1200 2797 1416 2850 Μασσαλίαν

296 2901 344 2952 pro
360 2873 498 2948 Ἀλαλίοιν,
517 2880 644 2932 Massilia
655 2883 783 2948 Harpagi
802 2885 895 2932 aetate
913 2881 1074 2945 supponitur
1090 2880 1145 2930 iarn
1159 2881 1279 2930 condita.
1316 2881 1358 2932 Ab
1373 2883 1415 2932 al-

295 2974 355 3022 tera
372 2972 452 3034 parte
472 2982 565 3018 omnes
586 2981 632 3018 eos
650 2967 750 3032 habes,
770 2968 891 3032 quitum
910 2966 1017 3015 demum
1034 2963 1190 3014 Massiliam
1208 2965 1348 3015 conditam
1365 2983 1415 3018 vo-

295 3055 365 3118 lunt,
385 3067 445 3104 eum
462 3053 593 3103 Phocaea
610 3051 694 3102 Asiae
714 3051 749 3102 ab
767 3051 901 3117 Harpago
919 3053 1078 3116 expugnata
1096 3053 1183 3112 asset,
1206 3049 1264 3100 sive
1282 3055 1346 3115 post
1365 3068 1417 3102 an·
1500 3112 1504 3119 Ι

295 3155 360 3190 num
378 3140 436 3190 536.
473 3139 528 3200 Qui
546 3141 610 3187 sunt
624 3136 797 3202 potissimum
814 3138 931 3188 Isocrat.
950 3133 1062 3184 Archid.
1080 3149 1107 3199 p.
1127 3135 1176 3184 195
1198 3133 1288 3196 Wolf,
1308 3136 1414 3201 Hygin.

297 3224 371 3290 apud
388 3223 461 3274 Geli.
480 3223 512 3272 N.
525 3222 581 3273 Att.
595 3223 635 3284 10,
651 3221 690 3270 16.
720 3220 855 3272 Ammian.
873 3220 961 3272 Marc.
974 3221 1013 3279 15,
1027 3221 1052 3270 9.
1076 3219 1174 3269 isidor.
1187 3217 1264 3284 Orig.
1279 3221 1318 3282 15,
1334 3223 1357 3279 1,
1371 3223 1416 3276 63.

296 3311 406 3360 Revera
424 3310 517 3358 autem
535 3307 757 3372 distinguendam
775 3320 836 3356 esse
854 3305 970 3369 primam
988 3304 1134 3354 Massiliae
1156 3304 1290 3368 originem
1309 3305 1344 3354 ab
1365 3307 1415 3355 ad·

297 3397 381 3446 ventu
399 3408 492 3445 eorum
503 3391 731 3454 Phocaeensium,
752 3391 798 3456 qui
809 3390 970 3455 Harpagum
984 3388 1122 3453 fugerunt,
1141 3387 1197 3438 iam
1208 3389 1415 3453 Harpocration

296 3481 367 3530 vidit
384 3478 479 3529 dicens
499 3477 536 3542 (s.
554 3493 581 3529 v.
598 3475 784 3538 Massaliota
799 3464 959 3539 Ἰσοκράτης
977 3467 1030 3538 μέν
1048 3485 1137 3540 φησιν
1155 3464 1186 3524 ἕν
1201 3462 1358 3539 Ἀρχιδάμῳ
1377 3467 1416 3535 ὥς
1446 3521 1447 3524 ,

298 3565 426 3624 Φωκαεῖς
445 3555 585 3629 φυγόντες
603 3554 656 3626 τὴν
673 3556 724 3610 τοῦ
746 3551 871 3626 μεγάλου
889 3553 1024 3623 βασιλέως
1042 3550 1213 3608 δεσποτείαν
1232 3552 1273 3614 εἰς
1290 3559 1416 3610 Μασσα-

297 3648 363 3700 λίαν
384 3640 551 3715 ἀπῴκησαν·
576 3635 620 3698 ὅτι
644 3638 676 3696 δὲ
699 3639 753 3708 πρὸ
777 3640 883 3696 τούτων
905 3641 961 3694 τῶν
983 3633 1092 3708 χρόνων
1114 3632 1171 3707 ἤδη
1194 3632 1250 3692 ὑπὸ
1274 3640 1417 3696 Φωκαίαν

297 3724 398 3804 ᾤκιστο
420 3725 438 3798 ἡ
462 3730 632 3795 Μασσαλία,
655 3725 705 3782 καὶ
726 3719 910 3794 Ἀριστοτέλης
933 3721 965 3778 ἐν
988 3724 1022 3792 τῇ
1044 3724 1259 3777 Μασσαλιωτῶν
1282 3725 1416 3795 βασιλείᾳ

298 3819 390 3885 δηλοῖ.
429 3818 580 3883 Utramque
609 3816 727 3878 denique
755 3813 932 3863 traditionem
958 3809 1031 3860 male
1060 3811 1203 3860 confusam
1230 3811 1316 3862 habes
1340 3815 1417 3878 apud

297 3904 381 3956 Solin.
395 3907 420 3967 2,
434 3906 475 3964 52,
490 3905 537 3967 qui
556 3903 636 3952 dicit:
655 3899 849 3950 Phocaeenses
863 3896 998 3963 quondam
1011 3894 1113 3959 fugati:
1132 3895 1279 3946 Persarum
1291 3897 1417 3949 adventu

256 4035 259 4053 ,
296 3989 451 4040 Massiliam
462 3988 558 4038 urbem
568 3984 732 4050 Olympiade
746 3981 957 4048 quadragesima
970 3979 1066 4043 quinta
1079 3979 1267 4034 condiderunt.
1277 4008 1311 4017 —
1319 3981 1417 4049 Nuper

297 4075 329 4126 de
348 4073 492 4124 Massiliae
510 4071 626 4122 historia
645 4072 774 4134 egerunt:
792 4067 957 4126 Iohannsen,
976 4065 1080 4115 veteris
1097 4063 1240 4114 Massiliae
1258 4081 1303 4116 res
1323 4070 1351 4116 et
1372 4070 1417 4118 in-

296 4161 394 4210 stituta
406 4157 471 4207 Kiel
484 4157 557 4206 1817.
587 4153 740 4215 Briickner,
752 4151 870 4202 historia
881 4150 949 4213 reip.
963 4147 1068 4198 Massil.
1086 4150 1138 4198 etc.
1157 4146 1323 4216 Goettingae
1337 4152 1415 4203 1820.

297 4246 432 4303 Ternanx,
446 4242 519 4291 Hist.
532 4239 600 4303 reip.
613 4238 696 4288 Mass.
711 4237 802 4288 Goett.
816 4237 890 4285 1826.
913 4233 1053 4284 Dederich
1067 4233 1096 4282 in
1108 4230 1267 4285 Rheinisch.
1279 4232 1351 4286 Mus.
1364 4235 1415 4290 1v.

298 4327 384 4392 (1836)
404 4344 430 4391 p.
449 4324 575 4376 99-125.
606 4321 635 4371 C.
654 4322 686 4372 F.
704 4322 855 4380 Hermann,
875 4316 986 4368 Griech.
999 4314 1207 4367 Staatsalterth.
1225 4317 1250 4376 6.
1263 4319 1305 4379 79,
1323 4318 1358 4368 Ν.
1371 4322 1416 4372 28.

297 4411 417 4472 Curtius,
429 4398 538 4460 (triech.
552 4406 653 4459 Geseh.
668 4407 690 4466 l,
703 4406 753 4456 368
765 4418 805 4469 aq.
818 4400 996 4466 ›Schwegler,
1008 4399 1106 4466 lltoem.
1119 4398 1218 4451 Gesch.
1232 4401 1255 4462 1,
1266 4400 1417 4458 681-683.
