3154 5162
320 455 381 518 108
705 451 788 512 PARS
810 453 831 509 Ι.
874 451 981 510 CAPVR
1002 449 1043 510 lll.

319 615 426 698 bonel)
450 637 510 680 non
533 616 630 680 solum
652 621 682 678 in
704 625 767 680 tres
790 619 956 698 provincias
972 617 1080 680 Gallias
1102 618 1245 688 ferebant,
1269 619 1322 682 sed
1345 622 1435 682 etiam

319 720 475 782 meridiem
496 737 601 783 versus
623 721 655 780 in
670 719 901 782 Narbonensem.
948 721 1033 792 Quod
1055 723 1166 800 optime
1189 721 1315 798 quadrat
1335 723 1374 784 ad
1390 743 1432 793 ea,

320 840 396 901 quae
418 841 508 902 supra
530 822 568 882 de
590 823 644 882 viis
666 821 703 882 ab
725 824 857 900 Augusto
880 825 1001 884 munitis
1024 825 1225 903 exposuimus.
1264 823 1434 886 Extiterunt

317 927 376 986 iam
405 943 482 986 auno
511 928 551 990 22
579 930 698 1003 praeter
725 926 802 984 viam
832 925 989 986 Domitiam
1017 927 1179 1004 antiquitus
1206 930 1328 985 stratam
1357 925 1432 986 duae

319 1028 390 1096 viae,
415 1043 489 1102 quae
511 1027 692 1104 provinciam
714 1025 814 1088 ltaliae
836 1028 992 1103 iungentes
1013 1029 1045 1086 in
1068 1029 1186 1088 sinistra
1208 1025 1343 1087 Rhodani
1368 1028 1433 1106 ripa

318 1129 489 1189 commercii
516 1134 545 1188 et
574 1120 758 1189 eieroituum
786 1130 854 1189 usui
885 1129 1071 1189 inservirent.
1123 1129 1166 1190 Ex
1194 1128 1301 1205 quibus
1330 1128 1431 1200 altera,

318 1249 394 1309 quae
422 1248 476 1307 per
497 1228 586 1308 Alpes
609 1229 718 1291 Cottias
745 1229 885 1299 ducebat,
913 1237 1071 1310 postquam
1100 1249 1136 1289 ex
1157 1229 1280 1310 Alpibus
1308 1231 1431 1292 descen·

318 1332 392 1392 dens
420 1332 630 1392 Vocontiorum
660 1331 735 1392 fines
756 1337 941 1408 transgressa
969 1339 1028 1400 est,
1057 1351 1074 1392 a
1101 1330 1233 1393 Valentia
1259 1333 1324 1392 lere
1352 1332 1431 1394 Rbo-

317 1433 391 1502 dani
409 1451 531 1494 cursum
552 1433 728 1493 inferiorem
751 1432 945 1510 sequebatur,
975 1433 1068 1494 altera
1090 1451 1144 1513 per
1166 1432 1255 1513 Alpes
1277 1434 1380 1496 Graias
1403 1441 1433 1495 et

316 1534 508 1612 Allobrogum
537 1535 610 1594 lines
638 1536 750 1594 munita
772 1537 915 1596 Viennam
943 1537 1038 1596 iunxit
1064 1535 1221 1596 Valentiae.
1268 1536 1327 1596 Sed
1354 1538 1432 1598 iuter

316 1635 515 1713 Lugudunum
545 1643 574 1696 et
595 1636 737 1696 Viennam
765 1642 833 1696 ante
860 1637 1006 1716 Agrippae
1032 1635 1113 1697 illam
1140 1638 1252 1698 viarum
1279 1640 1311 1698 in
1339 1637 1433 1700 Gallia

318 1755 420 1798 curam
442 1736 522 1798 nulla
545 1738 640 1797 extitit
663 1739 706 1797 via
729 1735 856 1816 publica,
879 1738 1007 1816 ideoque
1029 1738 1105 1798 hane
1128 1740 1288 1800 instituens
1311 1745 1341 1800 et
1362 1739 1431 1801 reli·

317 1841 383 1916 quis
406 1839 569 1900 secundum
591 1837 767 1901 Rhodanum
795 1841 849 1902 viis
876 1842 1002 1918 iungens
1032 1859 1100 1901 vere
1128 1841 1271 1920 Agrippa,
1300 1847 1333 1902 ut
1361 1841 1433 1903 dicit

317 1940 440 2010 Strabo,
468 1943 526 2001 iter
553 1942 679 2022 perlecit
706 1961 722 2002 a
749 1940 916 2019 Luguduno
944 1948 1024 2002 recta
1052 1940 1210 2003 Massiliam
1237 1942 1361 2004 ducens,
1389 1979 1432 1988 -

316 2041 418 2122 Neque
440 2044 539 2104 minus
561 2042 657 2104 eidem
679 2061 756 2106 enno
785 2043 940 2104 tribuerim
969 2062 1097 2122 operum
1125 2042 1311 2121 quorundam
1332 2043 1431 2124 pubb-

316 2163 420 2205 corum
443 2162 554 2214 curam,
579 2162 667 2222 quam
683 2146 822 2208 Nemausi
836 2145 996 2224 Agrippam
1019 2147 1186 2228 suscepisse
1207 2153 1356 2206 testantur
1371 2145 1431 2207 duo

314 2248 542 2325 inscriptionum
569 2248 748 2327 fragmenta,
779 2264 854 2325 quae
883 2247 986 2308 eodem
1017 2246 1141 2326 simplici
1168 2246 1257 2307 modo
1285 2254 1374 2323 atque
1399 2250 1431 2308 in

252 2384 261 2400 ·
315 2347 446 2408 Pantheo
469 2347 602 2410 Romano
617 2349 777 2430 Agrippam
798 2349 930 2428 produnt
952 2354 1113 2410 auctorem.
1123 2345 1145 2426 5)
1189 2348 1308 2410 Restitit
1330 2356 1431 2410 autem

315 2456 378 2508 tum
400 2450 431 2510 in
454 2448 554 2509 Galliis
576 2451 704 2531 Agrippa
724 2443 743 2511 a
764 2451 862 2512 medio
885 2468 963 2511 anno
986 2455 1026 2517 20
1049 2470 1074 2511 a.
1099 2449 1151 2510 Ch.
1177 2467 1270 2527 usque
1293 2451 1330 2510 ad
1345 2469 1429 2512 men·

313 2567 376 2610 sem
398 2551 462 2611 lere
483 2548 613 2631 Aprilem
638 2553 698 2612 sire
713 2551 820 2614 Maium
843 2553 912 2612 anni
935 2558 984 2618 19.
993 2548 1014 2630 ⁶)
1044 2552 1147 2628 Neque
1169 2569 1238 2612 vero
1253 2550 1347 2612 multo
1362 2561 1433 2633 post

311 2651 410 2729 ipsum
433 2653 597 2730 Augustum
620 2651 690 2712 belli
712 2653 881 2715 Germanici
909 2661 1006 2714 metus
1033 2656 1064 2713 in
1092 2654 1273 2732 provinciam
1295 2661 1431 2716 nostram

313 2751 403 2814 duxit.
413 2750 434 2831 ⁷)
465 2754 537 2814 Cum
556 2755 635 2815 enim
653 2755 802 2832 Sigambri
819 2762 848 2816 et
863 2756 998 2834 Usipetes
1019 2761 1048 2815 et
1063 2753 1223 2816 Tenohteri
1239 2773 1264 2816 a.
1284 2774 1309 2816 a.
1323 2755 1376 2818 Ch.
1390 2761 1430 2822 16

311 2873 371 2915 non
394 2854 489 2916 solum
504 2857 535 2917 in
551 2857 615 2935 ipsa
631 2857 786 2918 Germania
802 2858 942 2920 Romanis
957 2857 1097 2918 damnum
1111 2857 1265 2926 iecissent,
1281 2857 1334 2917 sed
1350 2857 1429 2918 Rhe-

311 2975 382 3017 num
406 2960 582 3035 transgressi
605 2959 782 3020 invasissent
804 2961 834 3020 in
856 2958 979 3020 Galliam
1008 2965 1038 3019 et
1059 2958 1154 3019 Lollio
1175 2959 1309 3020 Caesaris
1332 2959 1429 3037 legato

311 3058 425 3121 cladem
440 3059 626 3130 indixissent,
646 3062 805 3122 exterritus
820 3060 878 3121 hoc
892 3060 1026 3140 periculo
1039 3063 1189 3138 Augustus
1200 3059 1279 3120 haud
1294 3068 1430 3122 moratus

311 3169 357 3220 est
375 3161 438 3239 ipse
458 3162 489 3221 in
506 3159 629 3220 Galliam
645 3179 817 3232 accurrere,
842 3169 930 3239 atque
953 3169 1012 3222 tam
1033 3164 1179 3230 intentam,
1196 3180 1298 3222 curam
1321 3161 1428 3223 harum

310 3261 529 3339 provinciarum
541 3260 633 3322 rebus
645 3265 768 3332 navavit,
781 3271 814 3325 ut
825 3281 921 3341 usque
937 3264 973 3324 ad
989 3281 1097 3324 annum
1112 3269 1151 3331 13
1163 3263 1204 3324 ibi
1216 3271 1394 3324 remaneret.
1404 3261 1428 3340 8)

198 3429 202 3438 ,
309 3363 405 3439 Atque
427 3379 605 3438 quamquam
620 3373 756 3444 prompta
771 3367 959 3444 imperatoris
981 3365 1102 3426 consilia
1123 3383 1139 3424 a
1160 3351 1369 3443 persequenda
1385 3367 1429 3425 vi·

310 3464 402 3524 otoria
424 3461 614 3526 deterrebant
639 3467 817 3537 Germanos,
841 3469 991 3544 Augustus
1014 3472 1113 3526 tamen
1138 3484 1182 3544 ne⁴
1202 3464 1429 3528 Narbonensem

310 3563 429 3640 quidem
444 3567 626 3643 provinciam
647 3570 718 3630 satis
737 3576 830 3629 tutam
851 3568 888 3630 ab
904 3567 1039 3630 hostibus
1059 3576 1166 3647 putans
1181 3567 1330 3628 Nemauso
1346 3568 1428 3628 colo·

309 3667 384 3734 niae,
407 3672 439 3727 ut
460 3665 548 3727 hodie
571 3686 690 3746 quoque
711 3668 821 3746 legitur
841 3670 873 3729 in
895 3677 994 3750 porta,
1019 3685 1106 3746 quam
1130 3668 1231 3729 dicunt
1252 3670 1427 3746 Augustam,

308 3773 410 3846 portas
431 3786 595 3846 murosque
611 3767 736 3850 dedit9),
753 3788 851 3848 neque
865 3770 984 3840 dubito,
1002 3771 1073 3848 quin
1089 3769 1143 3832 alia
1159 3786 1278 3847 quoque
1293 3777 1358 3832 tum
1374 3790 1429 3851 op·

393 3969 402 4033 )
422 3970 520 4022 Strabo
539 3972 586 4021 IV.
605 3988 632 4037 p.
650 3973 709 4023 208.

393 4053 403 4120 )
421 4053 545 4122 Append.
565 4057 652 4122 epigr.
671 4072 717 4110 nn.
735 4059 768 4108 93
786 4071 827 4121 sq.

392 4139 401 4202 )
420 4139 477 4193 Cir.
496 4139 624 4200 Fischer,
643 4141 797 4192 Zeittafeln
813 4157 838 4207 p.
857 4143 916 4193 396.

393 4224 402 4287 )
420 4224 473 4276 Dio
492 4226 536 4286 54,
556 4227 596 4275 20.
632 4224 703 4278 Vell.
722 4227 750 4285 2,
768 4227 811 4276 97.

393 4306 402 4370 )
421 4307 477 4358 Gir.
494 4308 623 4372 Fischer,
642 4309 795 4362 Zeittefeln
812 4326 839 4376 p.
856 4309 915 4363 407.
943 4312 948 4316 '

374 4388 401 4456 9)
419 4390 544 4460 Append.
562 4393 650 4462 epigr.
668 4410 695 4447 u.
714 4396 754 4448 96.

375 3972 392 4019 4

376 4055 392 4104 5

375 4141 390 4188 6

377 4225 391 4274 7

375 4307 391 4356 8
