<?xml version="1.0" encoding="UTF-8"?>
<!DOCTYPE html PUBLIC "-//W3C//DTD XHTML 1.0 Transitional//EN"
    "http://www.w3.org/TR/xhtml1/DTD/xhtml1-transitional.dtd">
<html xmlns="http://www.w3.org/1999/xhtml" xml:lang="en" lang="en">
 <head>
  <title>
</title>
<meta http-equiv="Content-Type" content="text/html;charset=utf-8" />
  <meta name='ocr-system' content='tesseract 3.04.00' />
  <meta name='ocr-capabilities' content='ocr_page ocr_carea ocr_par ocr_line ocrx_word'/>
</head>
<body>
  <div class='ocr_page' id='page_1' title='image "./galliaenarbonen01herzgoog_0038.png"; bbox 0 0 3184 5162; ppageno 0'>
   <div class='ocr_carea' id='block_1_1' title="bbox 346 456 1004 524">
    <p class='ocr_par' dir='ltr' id='par_1_1' title="bbox 346 456 1004 524">
     <span class='ocr_line' id='line_1_1' title="bbox 346 456 1004 524; baseline 0 -10"><span class='ocrx_word' id='word_1_1' title='bbox 346 463 386 524; x_wconf 78' lang='lat'><strong>22</strong></span> <span class='ocrx_word' id='word_1_2' title='bbox 805 456 1004 514; x_wconf 77' lang='lat' dir='ltr'><strong>nnoonnivn</strong></span> 
     </span>
    </p>
   </div>
   <div class='ocr_carea' id='block_1_2' title="bbox 341 622 1467 2542">
    <p class='ocr_par' dir='ltr' id='par_1_2' title="bbox 341 622 1467 2542">
     <span class='ocr_line' id='line_1_2' title="bbox 346 622 1467 708; baseline 0 -19"><span class='ocrx_word' id='word_1_3' title='bbox 346 635 435 689; x_wconf 90' lang='lat' dir='ltr'><strong>notae</strong></span> <span class='ocrx_word' id='word_1_4' title='bbox 457 627 643 707; x_wconf 90' lang='lat' dir='ltr'><strong>llispanicae,</strong></span> <span class='ocrx_word' id='word_1_5' title='bbox 667 624 809 706; x_wconf 89' lang='lat' dir='ltr'><strong>ponderis</strong></span> <span class='ocrx_word' id='word_1_6' title='bbox 824 624 1015 687; x_wconf 85' lang='lat' dir='ltr'><strong>Massiliensis</strong></span> <span class='ocrx_word' id='word_1_7' title='bbox 1024 622 1071 704; x_wconf 80' lang='lat'><strong>⁷³),</strong></span> <span class='ocrx_word' id='word_1_8' title='bbox 1101 627 1143 688; x_wconf 92' lang='lat' dir='ltr'><strong>ibi</strong></span> <span class='ocrx_word' id='word_1_9' title='bbox 1165 629 1229 688; x_wconf 87' lang='lat' dir='ltr'><strong>lere</strong></span> <span class='ocrx_word' id='word_1_10' title='bbox 1250 630 1397 688; x_wconf 89' lang='lat' dir='ltr'><strong>terminos</strong></span> <span class='ocrx_word' id='word_1_11' title='bbox 1411 647 1467 708; x_wconf 94' lang='lat' dir='ltr'><strong>po·</strong></span> 
     </span>
     <span class='ocr_line' id='line_1_3' title="bbox 347 726 1467 809; baseline 0 -19"><span class='ocrx_word' id='word_1_12' title='bbox 347 749 409 800; x_wconf 86' lang='lat' dir='ltr'><strong>nas,</strong></span> <span class='ocrx_word' id='word_1_13' title='bbox 434 728 512 809; x_wconf 91' lang='lat' dir='ltr'><strong>apud</strong></span> <span class='ocrx_word' id='word_1_14' title='bbox 537 744 612 805; x_wconf 92' lang='lat' dir='ltr'><strong>quos</strong></span> <span class='ocrx_word' id='word_1_15' title='bbox 635 726 835 789; x_wconf 80' lang='lat' dir='ltr'><strong>Massilienses</strong></span> <span class='ocrx_word' id='word_1_16' title='bbox 857 727 894 788; x_wconf 92' lang='lat' dir='ltr'><strong>ab</strong></span> <span class='ocrx_word' id='word_1_17' title='bbox 917 746 985 797; x_wconf 89' lang='lat' dir='ltr'><strong>una,</strong></span> <span class='ocrx_word' id='word_1_18' title='bbox 1009 729 1270 808; x_wconf 88' lang='lat' dir='ltr'><strong>Emporitanorum</strong></span> <span class='ocrx_word' id='word_1_19' title='bbox 1293 729 1467 790; x_wconf 87' lang='lat' dir='ltr'><strong>etRbodio·</strong></span> 
     </span>
     <span class='ocr_line' id='line_1_4' title="bbox 346 830 1467 910; baseline -0.002 -16"><span class='ocrx_word' id='word_1_20' title='bbox 346 851 414 894; x_wconf 93' lang='lat' dir='ltr'><strong>rum</strong></span> <span class='ocrx_word' id='word_1_21' title='bbox 437 831 474 892; x_wconf 93' lang='lat' dir='ltr'><strong>ab</strong></span> <span class='ocrx_word' id='word_1_22' title='bbox 491 830 584 892; x_wconf 88' lang='lat' dir='ltr'><strong>altera</strong></span> <span class='ocrx_word' id='word_1_23' title='bbox 598 837 683 909; x_wconf 89' lang='lat' dir='ltr'><strong>parte</strong></span> <span class='ocrx_word' id='word_1_24' title='bbox 699 831 911 890; x_wconf 85' lang='lat' dir='ltr'><strong>commercium</strong></span> <span class='ocrx_word' id='word_1_25' title='bbox 928 837 993 891; x_wconf 90' lang='lat' dir='ltr'><strong>erat</strong></span> <span class='ocrx_word' id='word_1_26' title='bbox 1007 832 1187 909; x_wconf 83' lang='lat' dir='ltr'><strong>contiguum.</strong></span> <span class='ocrx_word' id='word_1_27' title='bbox 1228 832 1338 893; x_wconf 84' lang='lat' dir='ltr'>Contra</span> <span class='ocrx_word' id='word_1_28' title='bbox 1351 831 1467 910; x_wconf 80' lang='lat' dir='ltr'><strong>Agatha</strong></span> 
     </span>
     <span class='ocr_line' id='line_1_5' title="bbox 346 930 1466 1014; baseline 0 -20"><span class='ocrx_word' id='word_1_29' title='bbox 346 933 463 995; x_wconf 90' lang='lat' dir='ltr'><strong>colonia</strong></span> <span class='ocrx_word' id='word_1_30' title='bbox 486 950 626 994; x_wconf 87' lang='lat' dir='ltr'><strong>nummos</strong></span> <span class='ocrx_word' id='word_1_31' title='bbox 648 948 807 991; x_wconf 88' lang='lat' dir='ltr'><strong>concessos</strong></span> <span class='ocrx_word' id='word_1_32' title='bbox 822 930 949 992; x_wconf 91' lang='lat' dir='ltr'><strong>babebat</strong></span> <span class='ocrx_word' id='word_1_33' title='bbox 965 934 1092 994; x_wconf 88' lang='lat' dir='ltr'><strong>nominis</strong></span> <span class='ocrx_word' id='word_1_34' title='bbox 1107 933 1227 1014; x_wconf 90' lang='lat' dir='ltr'><strong>quidem</strong></span> <span class='ocrx_word' id='word_1_35' title='bbox 1242 935 1366 1013; x_wconf 91' lang='lat' dir='ltr'><strong>proprii,</strong></span> <span class='ocrx_word' id='word_1_36' title='bbox 1389 953 1466 1014; x_wconf 94' lang='lat' dir='ltr'><strong>pon·</strong></span> 
     </span>
     <span class='ocr_line' id='line_1_6' title="bbox 346 1029 1467 1112; baseline 0.002 -16"><span class='ocrx_word' id='word_1_37' title='bbox 346 1035 427 1096; x_wconf 91' lang='lat' dir='ltr'><strong>deris</strong></span> <span class='ocrx_word' id='word_1_38' title='bbox 442 1043 541 1095; x_wconf 86' lang='lat' dir='ltr'><strong>autem</strong></span> <span class='ocrx_word' id='word_1_39' title='bbox 557 1039 587 1094; x_wconf 90' lang='grc'><strong>11</strong></span> <span class='ocrx_word' id='word_1_40' title='bbox 602 1039 690 1093; x_wconf 90' lang='lat' dir='ltr'><strong>notae</strong></span> <span class='ocrx_word' id='word_1_41' title='bbox 704 1031 905 1094; x_wconf 84' lang='lat' dir='ltr'><strong>Massiliensis.</strong></span> <span class='ocrx_word' id='word_1_42' title='bbox 914 1029 967 1111; x_wconf 81' lang='lat'>⁷³¹)</span> <span class='ocrx_word' id='word_1_43' title='bbox 998 1033 1140 1112; x_wconf 82' lang='lat' dir='ltr'>Reliquae</span> <span class='ocrx_word' id='word_1_44' title='bbox 1157 1053 1226 1096; x_wconf 90' lang='lat' dir='ltr'><strong>vero</strong></span> <span class='ocrx_word' id='word_1_45' title='bbox 1239 1035 1467 1098; x_wconf 81' lang='lat' dir='ltr'><strong>Massiliensium</strong></span> 
     </span>
     <span class='ocr_line' id='line_1_7' title="bbox 347 1134 1465 1207; baseline 0.001 -9"><span class='ocrx_word' id='word_1_46' title='bbox 347 1137 481 1200; x_wconf 90' lang='lat' dir='ltr'><strong>coloniae</strong></span> <span class='ocrx_word' id='word_1_47' title='bbox 509 1137 675 1197; x_wconf 91' lang='lat' dir='ltr'><strong>maritimae</strong></span> <span class='ocrx_word' id='word_1_48' title='bbox 701 1135 823 1195; x_wconf 92' lang='lat' dir='ltr'><strong>omnino</strong></span> <span class='ocrx_word' id='word_1_49' title='bbox 851 1134 949 1195; x_wconf 93' lang='lat' dir='ltr'><strong>nullos</strong></span> <span class='ocrx_word' id='word_1_50' title='bbox 976 1135 1117 1197; x_wconf 90' lang='lat' dir='ltr'><strong>babuisse</strong></span> <span class='ocrx_word' id='word_1_51' title='bbox 1144 1137 1281 1198; x_wconf 90' lang='lat' dir='ltr'><strong>videntur</strong></span> <span class='ocrx_word' id='word_1_52' title='bbox 1309 1156 1465 1207; x_wconf 87' lang='lat' dir='ltr'><strong>nummos;</strong></span> 
     </span>
     <span class='ocr_line' id='line_1_8' title="bbox 347 1236 1467 1317; baseline 0.001 -17"><span class='ocrx_word' id='word_1_53' title='bbox 347 1257 416 1300; x_wconf 88' lang='lat' dir='ltr'><strong>nam</strong></span> <span class='ocrx_word' id='word_1_54' title='bbox 439 1240 490 1317; x_wconf 88' lang='lat' dir='ltr'><strong>qui</strong></span> <span class='ocrx_word' id='word_1_55' title='bbox 513 1243 614 1300; x_wconf 80' lang='lat' dir='ltr'><strong>extant</strong></span> <span class='ocrx_word' id='word_1_56' title='bbox 635 1236 904 1316; x_wconf 76' lang='lat' dir='ltr'><strong>Antipolitanorum</strong></span> <span class='ocrx_word' id='word_1_57' title='bbox 927 1239 1041 1298; x_wconf 90' lang='lat' dir='ltr'><strong>nummi</strong></span> <span class='ocrx_word' id='word_1_58' title='bbox 1063 1241 1161 1309; x_wconf 89' lang='lat' dir='ltr'><strong>aenei,</strong></span> <span class='ocrx_word' id='word_1_59' title='bbox 1185 1238 1241 1300; x_wconf 92' lang='lat' dir='ltr'><strong>sub</strong></span> <span class='ocrx_word' id='word_1_60' title='bbox 1262 1239 1467 1301; x_wconf 88' lang='lat' dir='ltr'><strong>Romanorum</strong></span> 
     </span>
     <span class='ocr_line' id='line_1_9' title="bbox 346 1333 1464 1420; baseline 0.002 -20"><span class='ocrx_word' id='word_1_61' title='bbox 346 1341 458 1401; x_wconf 79' lang='lat' dir='ltr'><strong>ditione</strong></span> <span class='ocrx_word' id='word_1_62' title='bbox 481 1341 588 1419; x_wconf 80' lang='lat' dir='ltr'><strong>signati</strong></span> <span class='ocrx_word' id='word_1_63' title='bbox 604 1333 727 1417; x_wconf 65' lang='grc'>11111114)</span> <span class='ocrx_word' id='word_1_64' title='bbox 773 1337 857 1400; x_wconf 86' lang='lat' dir='ltr'><strong>Unde</strong></span> <span class='ocrx_word' id='word_1_65' title='bbox 880 1345 1018 1418; x_wconf 89' lang='lat' dir='ltr'><strong>apparet,</strong></span> <span class='ocrx_word' id='word_1_66' title='bbox 1036 1357 1140 1402; x_wconf 90' lang='lat' dir='ltr'><strong>omnes</strong></span> <span class='ocrx_word' id='word_1_67' title='bbox 1155 1340 1222 1402; x_wconf 94' lang='lat' dir='ltr'><strong>illos</strong></span> <span class='ocrx_word' id='word_1_68' title='bbox 1240 1360 1295 1420; x_wconf 92' lang='lat' dir='ltr'><strong>per</strong></span> <span class='ocrx_word' id='word_1_69' title='bbox 1316 1343 1464 1405; x_wconf 74' lang='grc'>11111111-</span> 
     </span>
     <span class='ocr_line' id='line_1_10' title="bbox 347 1428 1465 1523; baseline 0.004 -22"><span class='ocrx_word' id='word_1_70' title='bbox 347 1443 496 1520; x_wconf 80' lang='lat' dir='ltr'><strong>gusticum</strong></span> <span class='ocrx_word' id='word_1_71' title='bbox 512 1441 643 1502; x_wconf 89' lang='lat' dir='ltr'><strong>colonias</strong></span> <span class='ocrx_word' id='word_1_72' title='bbox 666 1441 809 1501; x_wconf 89' lang='lat' dir='ltr'><strong>stationes</strong></span> <span class='ocrx_word' id='word_1_73' title='bbox 823 1442 924 1522; x_wconf 89' lang='lat' dir='ltr'><strong>potius</strong></span> <span class='ocrx_word' id='word_1_74' title='bbox 940 1443 1033 1504; x_wconf 86' lang='lat' dir='ltr'><strong>luisse</strong></span> <span class='ocrx_word' id='word_1_75' title='bbox 1048 1445 1219 1504; x_wconf 82' lang='lat' dir='ltr'><strong>commercii</strong></span> <span class='ocrx_word' id='word_1_76' title='bbox 1241 1443 1278 1504; x_wconf 87' lang='lat' dir='ltr'><strong>ab</strong></span> <span class='ocrx_word' id='word_1_77' title='bbox 1300 1445 1373 1523; x_wconf 91' lang='lat' dir='ltr'><strong>ipsis</strong></span> <span class='ocrx_word' id='word_1_78' title='bbox 1388 1428 1465 1506; x_wconf 85' lang='lat' dir='ltr'><strong>bias·</strong></span> 
     </span>
     <span class='ocr_line' id='line_1_11' title="bbox 348 1541 1465 1624; baseline 0.004 -21"><span class='ocrx_word' id='word_1_79' title='bbox 348 1542 518 1605; x_wconf 90' lang='lat' dir='ltr'><strong>siliensibus</strong></span> <span class='ocrx_word' id='word_1_80' title='bbox 541 1561 607 1604; x_wconf 90' lang='lat' dir='ltr'><strong>curn</strong></span> <span class='ocrx_word' id='word_1_81' title='bbox 630 1541 765 1603; x_wconf 87' lang='lat' dir='ltr'><strong>barbaris</strong></span> <span class='ocrx_word' id='word_1_82' title='bbox 786 1543 927 1612; x_wconf 80' lang='lat' dir='ltr'><strong>faciendi,</strong></span> <span class='ocrx_word' id='word_1_83' title='bbox 958 1561 1046 1624; x_wconf 91' lang='lat' dir='ltr'><strong>quam</strong></span> <span class='ocrx_word' id='word_1_84' title='bbox 1071 1545 1179 1624; x_wconf 92' lang='lat' dir='ltr'><strong>oppida</strong></span> <span class='ocrx_word' id='word_1_85' title='bbox 1202 1547 1264 1607; x_wconf 91' lang='lat' dir='ltr'><strong>suis</strong></span> <span class='ocrx_word' id='word_1_86' title='bbox 1286 1545 1398 1607; x_wconf 79' lang='lat' dir='ltr'><strong>mnus</strong></span> <span class='ocrx_word' id='word_1_87' title='bbox 1420 1549 1465 1607; x_wconf 90' lang='lat' dir='ltr'><strong>ni·</strong></span> 
     </span>
     <span class='ocr_line' id='line_1_12' title="bbox 348 1645 1465 1724; baseline 0.005 -21"><span class='ocrx_word' id='word_1_88' title='bbox 348 1646 439 1705; x_wconf 90' lang='lat' dir='ltr'><strong>tentia</strong></span> <span class='ocrx_word' id='word_1_89' title='bbox 462 1645 523 1704; x_wconf 88' lang='lat' dir='ltr'><strong>sive</strong></span> <span class='ocrx_word' id='word_1_90' title='bbox 547 1662 596 1704; x_wconf 87' lang='lat' dir='ltr'><strong>eas</strong></span> <span class='ocrx_word' id='word_1_91' title='bbox 618 1662 653 1704; x_wconf 91' lang='lat' dir='ltr'><strong>re</strong></span> <span class='ocrx_word' id='word_1_92' title='bbox 677 1663 745 1704; x_wconf 87' lang='lat' dir='ltr'><strong>vera</strong></span> <span class='ocrx_word' id='word_1_93' title='bbox 773 1661 828 1724; x_wconf 92' lang='lat' dir='ltr'><strong>pro</strong></span> <span class='ocrx_word' id='word_1_94' title='bbox 856 1645 993 1724; x_wconf 91' lang='lat' dir='ltr'><strong>partibus</strong></span> <span class='ocrx_word' id='word_1_95' title='bbox 1019 1647 1113 1707; x_wconf 89' lang='lat' dir='ltr'><strong>luisse</strong></span> <span class='ocrx_word' id='word_1_96' title='bbox 1135 1649 1279 1708; x_wconf 91' lang='lat' dir='ltr'><strong>territorii</strong></span> <span class='ocrx_word' id='word_1_97' title='bbox 1301 1647 1465 1709; x_wconf 89' lang='lat' dir='ltr'><strong>Massilien-</strong></span> 
     </span>
     <span class='ocr_line' id='line_1_13' title="bbox 347 1746 1466 1829; baseline 0.005 -24"><span class='ocrx_word' id='word_1_98' title='bbox 347 1747 397 1806; x_wconf 84' lang='lat' dir='ltr'><strong>sis</strong></span> <span class='ocrx_word' id='word_1_99' title='bbox 426 1779 460 1790; x_wconf 94' lang='lat'>—</span> <span class='ocrx_word' id='word_1_100' title='bbox 485 1746 567 1817; x_wconf 81' lang='lat' dir='ltr'><strong>Quae</strong></span> <span class='ocrx_word' id='word_1_101' title='bbox 584 1747 765 1806; x_wconf 88' lang='lat' dir='ltr'><strong>Graecarum</strong></span> <span class='ocrx_word' id='word_1_102' title='bbox 789 1746 908 1807; x_wconf 92' lang='lat' dir='ltr'><strong>urbium</strong></span> <span class='ocrx_word' id='word_1_103' title='bbox 923 1749 1001 1809; x_wconf 88' lang='lat' dir='ltr'><strong>iuter</strong></span> <span class='ocrx_word' id='word_1_104' title='bbox 1016 1767 1048 1809; x_wconf 91' lang='lat' dir='ltr'><strong>se</strong></span> <span class='ocrx_word' id='word_1_105' title='bbox 1064 1747 1197 1818; x_wconf 79' lang='lat' dir='ltr'><strong>libertae,</strong></span> <span class='ocrx_word' id='word_1_106' title='bbox 1223 1756 1255 1809; x_wconf 87' lang='lat' dir='ltr'><strong>ut</strong></span> <span class='ocrx_word' id='word_1_107' title='bbox 1276 1767 1466 1829; x_wconf 88' lang='lat' dir='ltr'><strong>nequaquam</strong></span> 
     </span>
     <span class='ocr_line' id='line_1_14' title="bbox 347 1847 1467 1932; baseline 0.006 -26"><span class='ocrx_word' id='word_1_108' title='bbox 347 1847 473 1914; x_wconf 89' lang='lat' dir='ltr'><strong>obstitit,</strong></span> <span class='ocrx_word' id='word_1_109' title='bbox 496 1849 656 1927; x_wconf 88' lang='lat' dir='ltr'><strong>quominus</strong></span> <span class='ocrx_word' id='word_1_110' title='bbox 680 1847 813 1910; x_wconf 90' lang='lat' dir='ltr'><strong>coloniae</strong></span> <span class='ocrx_word' id='word_1_111' title='bbox 835 1848 974 1926; x_wconf 84' lang='lat' dir='ltr'><strong>religiosa</strong></span> <span class='ocrx_word' id='word_1_112' title='bbox 995 1849 1122 1927; x_wconf 88' lang='lat' dir='ltr'><strong>quadarn</strong></span> <span class='ocrx_word' id='word_1_113' title='bbox 1144 1852 1253 1929; x_wconf 91' lang='lat' dir='ltr'><strong>pietate</strong></span> <span class='ocrx_word' id='word_1_114' title='bbox 1275 1851 1467 1932; x_wconf 86' lang='lat' dir='ltr'><strong>metropolim</strong></span> 
     </span>
     <span class='ocr_line' id='line_1_15' title="bbox 346 1949 1467 2033; baseline 0.004 -23"><span class='ocrx_word' id='word_1_115' title='bbox 346 1949 495 2018; x_wconf 89' lang='lat' dir='ltr'><strong>colerent,</strong></span> <span class='ocrx_word' id='word_1_116' title='bbox 523 1951 564 2010; x_wconf 92' lang='lat' dir='ltr'><strong>ita</strong></span> <span class='ocrx_word' id='word_1_117' title='bbox 585 1967 766 2031; x_wconf 84' lang='lat' dir='ltr'><strong>magnopere</strong></span> <span class='ocrx_word' id='word_1_118' title='bbox 787 1951 948 2012; x_wconf 87' lang='lat' dir='ltr'><strong>contribuit</strong></span> <span class='ocrx_word' id='word_1_119' title='bbox 969 1950 1004 2012; x_wconf 90' lang='lat' dir='ltr'><strong>ad</strong></span> <span class='ocrx_word' id='word_1_120' title='bbox 1034 1952 1260 2033; x_wconf 86' lang='lat' dir='ltr'><strong>propagandum</strong></span> <span class='ocrx_word' id='word_1_121' title='bbox 1283 1971 1338 2032; x_wconf 91' lang='lat' dir='ltr'><strong>per</strong></span> <span class='ocrx_word' id='word_1_122' title='bbox 1361 1973 1467 2014; x_wconf 92' lang='lat' dir='ltr'><strong>omnes</strong></span> 
     </span>
     <span class='ocr_line' id='line_1_16' title="bbox 346 2053 1467 2125; baseline 0.004 -13"><span class='ocrx_word' id='word_1_123' title='bbox 346 2053 436 2112; x_wconf 90' lang='lat' dir='ltr'><strong>maris</strong></span> <span class='ocrx_word' id='word_1_124' title='bbox 451 2053 562 2114; x_wconf 91' lang='lat' dir='ltr'><strong>interni</strong></span> <span class='ocrx_word' id='word_1_125' title='bbox 577 2071 645 2113; x_wconf 91' lang='lat' dir='ltr'><strong>oras</strong></span> <span class='ocrx_word' id='word_1_126' title='bbox 661 2053 842 2114; x_wconf 86' lang='lat' dir='ltr'><strong>Graecorum</strong></span> <span class='ocrx_word' id='word_1_127' title='bbox 857 2070 976 2115; x_wconf 86' lang='lat' dir='ltr'><strong>nornen.</strong></span> <span class='ocrx_word' id='word_1_128' title='bbox 1015 2054 1100 2125; x_wconf 82' lang='lat' dir='ltr'><strong>Quod</strong></span> <span class='ocrx_word' id='word_1_129' title='bbox 1122 2073 1194 2114; x_wconf 88' lang='lat' dir='ltr'><strong>vero</strong></span> <span class='ocrx_word' id='word_1_130' title='bbox 1209 2054 1345 2116; x_wconf 90' lang='lat' dir='ltr'><strong>barbaris</strong></span> <span class='ocrx_word' id='word_1_131' title='bbox 1360 2055 1467 2117; x_wconf 88' lang='lat' dir='ltr'><strong>Graeci</strong></span> 
     </span>
     <span class='ocr_line' id='line_1_17' title="bbox 347 2151 1466 2233; baseline 0.004 -21"><span class='ocrx_word' id='word_1_132' title='bbox 347 2151 513 2214; x_wconf 90' lang='lat' dir='ltr'><strong>libertatem</strong></span> <span class='ocrx_word' id='word_1_133' title='bbox 536 2172 596 2214; x_wconf 88' lang='lat' dir='ltr'><strong>uon</strong></span> <span class='ocrx_word' id='word_1_134' title='bbox 618 2154 804 2225; x_wconf 88' lang='lat' dir='ltr'><strong>invidebant,</strong></span> <span class='ocrx_word' id='word_1_135' title='bbox 828 2155 911 2216; x_wconf 90' lang='lat' dir='ltr'><strong>idad</strong></span> <span class='ocrx_word' id='word_1_136' title='bbox 933 2157 1104 2216; x_wconf 88' lang='lat' dir='ltr'><strong>commercii</strong></span> <span class='ocrx_word' id='word_1_137' title='bbox 1126 2156 1248 2233; x_wconf 88' lang='lat' dir='ltr'><strong>quidem</strong></span> <span class='ocrx_word' id='word_1_138' title='bbox 1262 2175 1348 2218; x_wconf 91' lang='lat' dir='ltr'><strong>usum</strong></span> <span class='ocrx_word' id='word_1_139' title='bbox 1372 2157 1466 2218; x_wconf 91' lang='lat' dir='ltr'><strong>multo</strong></span> 
     </span>
     <span class='ocr_line' id='line_1_18' title="bbox 341 2247 1465 2324; baseline 0.005 -10"><span class='ocrx_word' id='word_1_140' title='bbox 341 2247 531 2316; x_wconf 76' lang='lat' dir='ltr'><strong>&#39;commodius</strong></span> <span class='ocrx_word' id='word_1_141' title='bbox 547 2261 619 2324; x_wconf 92' lang='lat' dir='ltr'><strong>erat,</strong></span> <span class='ocrx_word' id='word_1_142' title='bbox 637 2273 756 2324; x_wconf 87' lang='lat' dir='ltr'><strong>verum,</strong></span> <span class='ocrx_word' id='word_1_143' title='bbox 780 2264 814 2316; x_wconf 91' lang='lat' dir='ltr'><strong>ut</strong></span> <span class='ocrx_word' id='word_1_144' title='bbox 828 2255 1005 2318; x_wconf 91' lang='lat' dir='ltr'><strong>humaniora</strong></span> <span class='ocrx_word' id='word_1_145' title='bbox 1021 2258 1154 2319; x_wconf 90' lang='lat' dir='ltr'><strong>instituta</strong></span> <span class='ocrx_word' id='word_1_146' title='bbox 1169 2259 1200 2319; x_wconf 89' lang='lat' dir='ltr'><strong>in</strong></span> <span class='ocrx_word' id='word_1_147' title='bbox 1216 2265 1352 2320; x_wconf 88' lang='lat' dir='ltr'><strong>naturam</strong></span> <span class='ocrx_word' id='word_1_148' title='bbox 1368 2265 1465 2320; x_wconf 89' lang='lat' dir='ltr'><strong>verte·</strong></span> 
     </span>
     <span class='ocr_line' id='line_1_19' title="bbox 345 2354 1467 2440; baseline 0.004 -23"><span class='ocrx_word' id='word_1_149' title='bbox 345 2365 414 2418; x_wconf 90' lang='lat' dir='ltr'><strong>rent</strong></span> <span class='ocrx_word' id='word_1_150' title='bbox 428 2355 580 2425; x_wconf 89' lang='lat' dir='ltr'><strong>barbaris,</strong></span> <span class='ocrx_word' id='word_1_151' title='bbox 602 2354 651 2416; x_wconf 90' lang='lat' dir='ltr'><strong>illa</strong></span> <span class='ocrx_word' id='word_1_152' title='bbox 668 2356 850 2418; x_wconf 86' lang='lat' dir='ltr'><strong>Graecorum</strong></span> <span class='ocrx_word' id='word_1_153' title='bbox 871 2359 985 2419; x_wconf 86' lang='lat' dir='ltr'><strong>ratione</strong></span> <span class='ocrx_word' id='word_1_154' title='bbox 1007 2377 1066 2419; x_wconf 92' lang='lat' dir='ltr'><strong>non</strong></span> <span class='ocrx_word' id='word_1_155' title='bbox 1082 2361 1180 2438; x_wconf 92' lang='lat' dir='ltr'><strong>potuit</strong></span> <span class='ocrx_word' id='word_1_156' title='bbox 1194 2360 1306 2438; x_wconf 82' lang='lat' dir='ltr'><strong>persici.</strong></span> <span class='ocrx_word' id='word_1_157' title='bbox 1343 2362 1380 2422; x_wconf 78' lang='lat' dir='ltr'><strong>lt</strong></span> <span class='ocrx_word' id='word_1_158' title='bbox 1402 2362 1467 2440; x_wconf 93' lang='lat' dir='ltr'><strong>ipsa</strong></span> 
     </span>
     <span class='ocr_line' id='line_1_20' title="bbox 345 2456 1467 2542; baseline 0.004 -23"><span class='ocrx_word' id='word_1_159' title='bbox 345 2456 573 2519; x_wconf 85' lang='lat' dir='ltr'><strong>Massiliensium</strong></span> <span class='ocrx_word' id='word_1_160' title='bbox 589 2459 691 2518; x_wconf 90' lang='lat' dir='ltr'><strong>civitas</strong></span> <span class='ocrx_word' id='word_1_161' title='bbox 707 2477 795 2537; x_wconf 89' lang='lat' dir='ltr'><strong>quam</strong></span> <span class='ocrx_word' id='word_1_162' title='bbox 817 2459 893 2520; x_wconf 90' lang='lat' dir='ltr'><strong>bene</strong></span> <span class='ocrx_word' id='word_1_163' title='bbox 917 2461 954 2519; x_wconf 92' lang='lat' dir='ltr'><strong>sit</strong></span> <span class='ocrx_word' id='word_1_164' title='bbox 969 2461 1181 2531; x_wconf 89' lang='lat' dir='ltr'><strong>administrata,</strong></span> <span class='ocrx_word' id='word_1_165' title='bbox 1205 2479 1294 2542; x_wconf 88' lang='lat' dir='ltr'><strong>quam</strong></span> <span class='ocrx_word' id='word_1_166' title='bbox 1317 2463 1467 2540; x_wconf 88' lang='lat' dir='ltr'><strong>sapienter</strong></span> 
     </span>
    </p>
   </div>
   <div class='ocr_carea' id='block_1_3' title="bbox 1590 0 1592 2580">
    <p class='ocr_par' dir='ltr' id='par_1_3' title="bbox 1590 0 1592 2580">
     <span class='ocr_line' id='line_1_21' title="bbox 1590 0 1592 2580; baseline 0 0"><span class='ocrx_word' id='word_1_167' title='bbox 1590 0 1592 2580; x_wconf 95' lang='lat' dir='ltr'><strong> </strong></span> 
     </span>
    </p>
   </div>
   <div class='ocr_carea' id='block_1_4' title="bbox 347 2557 1590 2643">
    <p class='ocr_par' dir='ltr' id='par_1_4' title="bbox 347 2557 1590 2643">
     <span class='ocr_line' id='line_1_22' title="bbox 347 2557 1590 2643; baseline 0.005 -24"><span class='ocrx_word' id='word_1_168' title='bbox 347 2565 378 2619; x_wconf 89' lang='lat' dir='ltr'><strong>et</strong></span> <span class='ocrx_word' id='word_1_169' title='bbox 391 2557 575 2639; x_wconf 90' lang='lat' dir='ltr'><strong>reipublicae</strong></span> <span class='ocrx_word' id='word_1_170' title='bbox 590 2558 824 2636; x_wconf 81' lang='lat' dir='ltr'><strong>gubernaculum</strong></span> <span class='ocrx_word' id='word_1_171' title='bbox 841 2568 871 2621; x_wconf 92' lang='lat' dir='ltr'><strong>et</strong></span> <span class='ocrx_word' id='word_1_172' title='bbox 884 2580 1003 2622; x_wconf 92' lang='lat' dir='ltr'><strong>morum</strong></span> <span class='ocrx_word' id='word_1_173' title='bbox 1017 2565 1203 2643; x_wconf 91' lang='lat' dir='ltr'><strong>privatorum</strong></span> <span class='ocrx_word' id='word_1_174' title='bbox 1219 2566 1356 2642; x_wconf 82' lang='lat' dir='ltr'><strong>regimen</strong></span> <span class='ocrx_word' id='word_1_175' title='bbox 1370 2563 1413 2624; x_wconf 94' lang='lat' dir='ltr'><strong>ibi</strong></span> <span class='ocrx_word' id='word_1_176' title='bbox 1428 2566 1469 2624; x_wconf 91' lang='lat' dir='ltr'><strong>sit</strong></span> <span class='ocrx_word' id='word_1_177' title='bbox 1512 2631 1513 2634; x_wconf 8' lang='grc' dir='ltr'><strong>Ἴ</strong></span> <span class='ocrx_word' id='word_1_178' title='bbox 1589 2591 1590 2616; x_wconf 58' lang='lat' dir='ltr'><strong>r</strong></span> 
     </span>
    </p>
   </div>
   <div class='ocr_carea' id='block_1_5' title="bbox 344 2659 1468 3351">
    <p class='ocr_par' dir='ltr' id='par_1_5' title="bbox 344 2659 1468 3351">
     <span class='ocr_line' id='line_1_23' title="bbox 344 2659 1468 2743; baseline 0.006 -23"><span class='ocrx_word' id='word_1_179' title='bbox 344 2661 529 2729; x_wconf 91' lang='lat' dir='ltr'><strong>institutum,</strong></span> <span class='ocrx_word' id='word_1_180' title='bbox 559 2659 664 2721; x_wconf 84' lang='lat' dir='ltr'><strong>Graeci</strong></span> <span class='ocrx_word' id='word_1_181' title='bbox 687 2679 781 2740; x_wconf 89' lang='lat' dir='ltr'><strong>aeque</strong></span> <span class='ocrx_word' id='word_1_182' title='bbox 803 2681 838 2724; x_wconf 91' lang='lat' dir='ltr'><strong>ac</strong></span> <span class='ocrx_word' id='word_1_183' title='bbox 858 2662 984 2725; x_wconf 86' lang='lat' dir='ltr'><strong>Romani</strong></span> <span class='ocrx_word' id='word_1_184' title='bbox 1005 2665 1167 2743; x_wconf 89' lang='lat' dir='ltr'><strong>scriptores</strong></span> <span class='ocrx_word' id='word_1_185' title='bbox 1182 2667 1306 2727; x_wconf 91' lang='lat' dir='ltr'><strong>summis</strong></span> <span class='ocrx_word' id='word_1_186' title='bbox 1328 2665 1468 2727; x_wconf 88' lang='lat' dir='ltr'><strong>laudibus</strong></span> 
     </span>
     <span class='ocr_line' id='line_1_24' title="bbox 345 2758 1466 2847; baseline 0.006 -26"><span class='ocrx_word' id='word_1_187' title='bbox 345 2758 550 2839; x_wconf 81' lang='lat' dir='ltr'><strong>illustrant.⁷⁵)</strong></span> <span class='ocrx_word' id='word_1_188' title='bbox 595 2762 693 2823; x_wconf 88' lang='lat' dir='ltr'><strong>Divisa</strong></span> <span class='ocrx_word' id='word_1_189' title='bbox 723 2764 801 2823; x_wconf 90' lang='lat' dir='ltr'><strong>enim</strong></span> <span class='ocrx_word' id='word_1_190' title='bbox 830 2771 894 2826; x_wconf 88' lang='lat' dir='ltr'><strong>erat</strong></span> <span class='ocrx_word' id='word_1_191' title='bbox 922 2767 1059 2826; x_wconf 91' lang='lat' dir='ltr'><strong>universa</strong></span> <span class='ocrx_word' id='word_1_192' title='bbox 1082 2767 1183 2827; x_wconf 87' lang='lat' dir='ltr'><strong>civitas</strong></span> <span class='ocrx_word' id='word_1_193' title='bbox 1204 2768 1235 2826; x_wconf 94' lang='lat' dir='ltr'><strong>in</strong></span> <span class='ocrx_word' id='word_1_194' title='bbox 1258 2766 1332 2828; x_wconf 87' lang='lat' dir='ltr'><strong>duas</strong></span> <span class='ocrx_word' id='word_1_195' title='bbox 1354 2775 1466 2847; x_wconf 89' lang='lat' dir='ltr'><strong>partes,</strong></span> 
     </span>
     <span class='ocr_line' id='line_1_25' title="bbox 346 2863 1468 2948; baseline 0.005 -25"><span class='ocrx_word' id='word_1_196' title='bbox 346 2881 469 2941; x_wconf 90' lang='lat' dir='ltr'><strong>quarum</strong></span> <span class='ocrx_word' id='word_1_197' title='bbox 487 2881 544 2924; x_wconf 93' lang='lat' dir='ltr'><strong>una</strong></span> <span class='ocrx_word' id='word_1_198' title='bbox 568 2863 710 2942; x_wconf 88' lang='lat' dir='ltr'><strong>quidquid</strong></span> <span class='ocrx_word' id='word_1_199' title='bbox 726 2863 849 2928; x_wconf 90' lang='lat' dir='ltr'><strong>honoris</strong></span> <span class='ocrx_word' id='word_1_200' title='bbox 865 2876 928 2929; x_wconf 90' lang='lat' dir='ltr'><strong>erat</strong></span> <span class='ocrx_word' id='word_1_201' title='bbox 950 2869 981 2928; x_wconf 93' lang='lat' dir='ltr'><strong>in</strong></span> <span class='ocrx_word' id='word_1_202' title='bbox 1001 2866 1154 2946; x_wconf 89' lang='lat' dir='ltr'><strong>republica</strong></span> <span class='ocrx_word' id='word_1_203' title='bbox 1176 2867 1348 2948; x_wconf 89' lang='lat' dir='ltr'><strong>usurpabat,</strong></span> <span class='ocrx_word' id='word_1_204' title='bbox 1373 2868 1468 2930; x_wconf 90' lang='lat' dir='ltr'><strong>altera</strong></span> 
     </span>
     <span class='ocr_line' id='line_1_26' title="bbox 345 2967 1467 3046; baseline 0.004 -20"><span class='ocrx_word' id='word_1_205' title='bbox 345 2984 427 3027; x_wconf 90' lang='lat' dir='ltr'><strong>mera</strong></span> <span class='ocrx_word' id='word_1_206' title='bbox 456 2972 570 3027; x_wconf 90' lang='lat' dir='ltr'><strong>tantum</strong></span> <span class='ocrx_word' id='word_1_207' title='bbox 602 2967 718 3027; x_wconf 79' lang='lat' dir='ltr'><strong>civitate</strong></span> <span class='ocrx_word' id='word_1_208' title='bbox 745 2967 900 3046; x_wconf 80' lang='lat' dir='ltr'><strong>gaudebat.</strong></span> <span class='ocrx_word' id='word_1_209' title='bbox 955 2969 989 3029; x_wconf 86' lang='lat' dir='ltr'><strong>Et</strong></span> <span class='ocrx_word' id='word_1_210' title='bbox 1015 2969 1060 3029; x_wconf 90' lang='lat' dir='ltr'><strong>illi</strong></span> <span class='ocrx_word' id='word_1_211' title='bbox 1089 2969 1223 3046; x_wconf 89' lang='lat' dir='ltr'><strong>quidem,</strong></span> <span class='ocrx_word' id='word_1_212' title='bbox 1261 2971 1313 3046; x_wconf 88' lang='lat' dir='ltr'><strong>qui</strong></span> <span class='ocrx_word' id='word_1_213' title='bbox 1341 2969 1467 3030; x_wconf 90' lang='lat' dir='ltr'><strong>timucbi</strong></span> 
     </span>
     <span class='ocr_line' id='line_1_27' title="bbox 346 3067 1465 3148; baseline 0.004 -20"><span class='ocrx_word' id='word_1_214' title='bbox 346 3067 585 3148; x_wconf 89' lang='lat' dir='ltr'><strong>appellabantur,</strong></span> <span class='ocrx_word' id='word_1_215' title='bbox 610 3087 736 3130; x_wconf 90' lang='lat' dir='ltr'><strong>numero</strong></span> <span class='ocrx_word' id='word_1_216' title='bbox 759 3069 1021 3148; x_wconf 84' lang='lat' dir='ltr'><strong>semperdelinito</strong></span> <span class='ocrx_word' id='word_1_217' title='bbox 1050 3073 1183 3132; x_wconf 83' lang='lat' dir='ltr'><strong>sexcenti</strong></span> <span class='ocrx_word' id='word_1_218' title='bbox 1207 3080 1292 3132; x_wconf 88' lang='lat' dir='ltr'><strong>erant</strong></span> <span class='ocrx_word' id='word_1_219' title='bbox 1313 3078 1465 3132; x_wconf 87' lang='lat' dir='ltr'><strong>senatum·</strong></span> 
     </span>
     <span class='ocr_line' id='line_1_28' title="bbox 346 3168 1466 3252; baseline 0.004 -22"><span class='ocrx_word' id='word_1_220' title='bbox 346 3186 404 3245; x_wconf 87' lang='lat' dir='ltr'><strong>que</strong></span> <span class='ocrx_word' id='word_1_221' title='bbox 419 3168 475 3230; x_wconf 90' lang='lat' dir='ltr'><strong>bac</strong></span> <span class='ocrx_word' id='word_1_222' title='bbox 491 3169 557 3247; x_wconf 86' lang='lat' dir='ltr'><strong>lege</strong></span> <span class='ocrx_word' id='word_1_223' title='bbox 576 3170 805 3239; x_wconf 86' lang='lat' dir='ltr'><strong>constituebant,</strong></span> <span class='ocrx_word' id='word_1_224' title='bbox 830 3178 863 3231; x_wconf 92' lang='lat' dir='ltr'><strong>ut</strong></span> <span class='ocrx_word' id='word_1_225' title='bbox 885 3173 936 3248; x_wconf 92' lang='lat' dir='ltr'><strong>qui</strong></span> <span class='ocrx_word' id='word_1_226' title='bbox 956 3180 1110 3233; x_wconf 88' lang='lat' dir='ltr'><strong>senatores</strong></span> <span class='ocrx_word' id='word_1_227' title='bbox 1133 3179 1243 3242; x_wconf 91' lang='lat' dir='ltr'><strong>essent,</strong></span> <span class='ocrx_word' id='word_1_228' title='bbox 1267 3191 1322 3252; x_wconf 92' lang='lat' dir='ltr'><strong>per</strong></span> <span class='ocrx_word' id='word_1_229' title='bbox 1345 3191 1466 3234; x_wconf 90' lang='lat' dir='ltr'><strong>omnem</strong></span> 
     </span>
     <span class='ocr_line' id='line_1_29' title="bbox 344 3271 1467 3351; baseline 0.004 -22"><span class='ocrx_word' id='word_1_230' title='bbox 344 3271 434 3330; x_wconf 90' lang='lat' dir='ltr'><strong>vitam</strong></span> <span class='ocrx_word' id='word_1_231' title='bbox 471 3289 535 3332; x_wconf 89' lang='lat' dir='ltr'><strong>eam</strong></span> <span class='ocrx_word' id='word_1_232' title='bbox 579 3271 751 3348; x_wconf 85' lang='lat' dir='ltr'><strong>dignitatem</strong></span> <span class='ocrx_word' id='word_1_233' title='bbox 789 3273 969 3342; x_wconf 87' lang='lat' dir='ltr'><strong>retinerent,</strong></span> <span class='ocrx_word' id='word_1_234' title='bbox 1010 3273 1191 3351; x_wconf 79' lang='lat' dir='ltr'><strong>eligerentur</strong></span> <span class='ocrx_word' id='word_1_235' title='bbox 1229 3281 1329 3336; x_wconf 89' lang='lat' dir='ltr'><strong>autem</strong></span> <span class='ocrx_word' id='word_1_236' title='bbox 1366 3292 1467 3351; x_wconf 88' lang='lat' dir='ltr'><strong>neque</strong></span> 
     </span>
    </p>
   </div>
   <div class='ocr_carea' id='block_1_6' title="bbox 411 3471 1468 3625">
    <p class='ocr_par' dir='ltr' id='par_1_6' title="bbox 411 3471 1468 3625">
     <span class='ocr_line' id='line_1_30' title="bbox 412 3471 914 3538; baseline 0.004 -16"><span class='ocrx_word' id='word_1_237' title='bbox 412 3471 455 3536; x_wconf 86' lang='grc'><strong>73)</strong></span> <span class='ocrx_word' id='word_1_238' title='bbox 473 3473 623 3524; x_wconf 86' lang='lat' dir='ltr'><strong>Mommsen</strong></span> <span class='ocrx_word' id='word_1_239' title='bbox 640 3476 660 3524; x_wconf 89' lang='lat' dir='ltr'><strong>i.</strong></span> <span class='ocrx_word' id='word_1_240' title='bbox 678 3473 695 3524; x_wconf 91' lang='lat' dir='ltr'><strong>l.</strong></span> <span class='ocrx_word' id='word_1_241' title='bbox 715 3489 741 3538; x_wconf 90' lang='lat' dir='ltr'><strong>p.</strong></span> <span class='ocrx_word' id='word_1_242' title='bbox 760 3475 810 3526; x_wconf 88' lang='grc'><strong>678</strong></span> <span class='ocrx_word' id='word_1_243' title='bbox 828 3489 854 3527; x_wconf 87' lang='lat' dir='ltr'><strong>n.</strong></span> <span class='ocrx_word' id='word_1_244' title='bbox 872 3477 914 3526; x_wconf 81' lang='lat'><strong>49.</strong></span> 
     </span>
     <span class='ocr_line' id='line_1_31' title="bbox 411 3556 1468 3625; baseline 0.004 -17"><span class='ocrx_word' id='word_1_245' title='bbox 411 3556 478 3621; x_wconf 85' lang='grc'>7311)</span> <span class='ocrx_word' id='word_1_246' title='bbox 508 3557 537 3608; x_wconf 81' lang='lat' dir='ltr'><strong>Si</strong></span> <span class='ocrx_word' id='word_1_247' title='bbox 560 3557 669 3623; x_wconf 88' lang='lat' dir='ltr'><strong>quidem</strong></span> <span class='ocrx_word' id='word_1_248' title='bbox 691 3562 767 3610; x_wconf 87' lang='lat' dir='ltr'><strong>reete</strong></span> <span class='ocrx_word' id='word_1_249' title='bbox 793 3559 836 3610; x_wconf 88' lang='lat' dir='ltr'><strong>De</strong></span> <span class='ocrx_word' id='word_1_250' title='bbox 859 3560 887 3610; x_wconf 86' lang='lat' dir='ltr'><strong>la</strong></span> <span class='ocrx_word' id='word_1_251' title='bbox 911 3557 1050 3623; x_wconf 77' lang='lat' dir='ltr'><strong>sausseye</strong></span> <span class='ocrx_word' id='word_1_252' title='bbox 1074 3576 1141 3624; x_wconf 89' lang='lat' dir='ltr'><strong>quos</strong></span> <span class='ocrx_word' id='word_1_253' title='bbox 1164 3577 1190 3625; x_wconf 82' lang='lat' dir='ltr'><strong>p.</strong></span> <span class='ocrx_word' id='word_1_254' title='bbox 1216 3564 1249 3612; x_wconf 81' lang='lat'><strong>90</strong></span> <span class='ocrx_word' id='word_1_255' title='bbox 1273 3576 1313 3624; x_wconf 89' lang='lat' dir='ltr'><strong>sq.</strong></span> <span class='ocrx_word' id='word_1_256' title='bbox 1337 3568 1468 3612; x_wconf 89' lang='lat' dir='ltr'><strong>recenset</strong></span> 
     </span>
    </p>
   </div>
   <div class='ocr_carea' id='block_1_7' title="bbox 344 3629 1590 3710">
    <p class='ocr_par' dir='ltr' id='par_1_7' title="bbox 344 3629 1590 3710">
     <span class='ocr_line' id='line_1_32' title="bbox 344 3629 1590 3710; baseline 0.006 -20"><span class='ocrx_word' id='word_1_257' title='bbox 344 3657 467 3693; x_wconf 89' lang='lat' dir='ltr'><strong>nummos</strong></span> <span class='ocrx_word' id='word_1_258' title='bbox 485 3642 613 3706; x_wconf 79' lang='lat' dir='ltr'><strong>Agatheae</strong></span> <span class='ocrx_word' id='word_1_259' title='bbox 632 3643 736 3695; x_wconf 89' lang='lat' dir='ltr'><strong>tribuit.</strong></span> <span class='ocrx_word' id='word_1_260' title='bbox 766 3643 845 3706; x_wconf 74' lang='lat' dir='ltr'><strong>Quod</strong></span> <span class='ocrx_word' id='word_1_261' title='bbox 857 3658 922 3693; x_wconf 86' lang='lat' dir='ltr'><strong>vero</strong></span> <span class='ocrx_word' id='word_1_262' title='bbox 940 3643 1066 3693; x_wconf 85' lang='lat' dir='ltr'><strong>Mionnet</strong></span> <span class='ocrx_word' id='word_1_263' title='bbox 1079 3647 1103 3706; x_wconf 85' lang='lat'><strong>1,</strong></span> <span class='ocrx_word' id='word_1_264' title='bbox 1122 3660 1148 3709; x_wconf 91' lang='lat' dir='ltr'><strong>p.</strong></span> <span class='ocrx_word' id='word_1_265' title='bbox 1163 3645 1203 3697; x_wconf 89' lang='grc'><strong>78.</strong></span> <span class='ocrx_word' id='word_1_266' title='bbox 1223 3661 1249 3696; x_wconf 93' lang='grc'><strong>11.</strong></span> <span class='ocrx_word' id='word_1_267' title='bbox 1264 3647 1313 3696; x_wconf 79' lang='lat'><strong>194</strong></span> <span class='ocrx_word' id='word_1_268' title='bbox 1325 3661 1366 3710; x_wconf 91' lang='lat' dir='ltr'><strong>sq.</strong></span> <span class='ocrx_word' id='word_1_269' title='bbox 1390 3646 1468 3697; x_wconf 85' lang='lat' dir='ltr'><strong>Rho·</strong></span> <span class='ocrx_word' id='word_1_270' title='bbox 1527 3629 1534 3639; x_wconf 43' lang='lat'>⁸</span> <span class='ocrx_word' id='word_1_271' title='bbox 1589 3631 1590 3638; x_wconf 9' lang='grc' dir='ltr'>ἵ</span> 
     </span>
    </p>
   </div>
   <div class='ocr_carea' id='block_1_8' title="bbox 342 3725 1481 4468">
    <p class='ocr_par' dir='ltr' id='par_1_8' title="bbox 345 3725 1385 3794">
     <span class='ocr_line' id='line_1_33' title="bbox 345 3725 1385 3794; baseline 0.005 -19"><span class='ocrx_word' id='word_1_272' title='bbox 345 3725 479 3777; x_wconf 90' lang='lat' dir='ltr'><strong>danusiae</strong></span> <span class='ocrx_word' id='word_1_273' title='bbox 498 3741 604 3791; x_wconf 88' lang='lat' dir='ltr'><strong>quoque</strong></span> <span class='ocrx_word' id='word_1_274' title='bbox 624 3727 790 3777; x_wconf 81' lang='lat' dir='ltr'><strong>attribueret</strong></span> <span class='ocrx_word' id='word_1_275' title='bbox 807 3743 945 3789; x_wconf 87' lang='lat' dir='ltr'><strong>nummos,</strong></span> <span class='ocrx_word' id='word_1_276' title='bbox 964 3727 992 3776; x_wconf 91' lang='lat' dir='ltr'><strong>id</strong></span> <span class='ocrx_word' id='word_1_277' title='bbox 1009 3732 1028 3778; x_wconf 90' lang='grc'><strong>1.</strong></span> <span class='ocrx_word' id='word_1_278' title='bbox 1049 3731 1063 3779; x_wconf 97' lang='grc'>7</span> <span class='ocrx_word' id='word_1_279' title='bbox 1081 3744 1109 3793; x_wconf 87' lang='lat' dir='ltr'><strong>p.</strong></span> <span class='ocrx_word' id='word_1_280' title='bbox 1128 3731 1161 3779; x_wconf 94' lang='grc'><strong>66</strong></span> <span class='ocrx_word' id='word_1_281' title='bbox 1178 3731 1239 3794; x_wconf 90' lang='lat' dir='ltr'><strong>ipse</strong></span> <span class='ocrx_word' id='word_1_282' title='bbox 1258 3731 1385 3780; x_wconf 86' lang='lat' dir='ltr'><strong>correxit.</strong></span> 
     </span>
    </p>

    <p class='ocr_par' dir='ltr' id='par_1_9' title="bbox 412 3809 1307 3876">
     <span class='ocr_line' id='line_1_34' title="bbox 412 3809 1307 3876; baseline 0.004 -15"><span class='ocrx_word' id='word_1_283' title='bbox 412 3810 456 3873; x_wconf 84' lang='grc'><strong>74)</strong></span> <span class='ocrx_word' id='word_1_284' title='bbox 473 3811 517 3861; x_wconf 89' lang='lat' dir='ltr'><strong>De</strong></span> <span class='ocrx_word' id='word_1_285' title='bbox 535 3811 564 3861; x_wconf 85' lang='lat' dir='ltr'><strong>la</strong></span> <span class='ocrx_word' id='word_1_286' title='bbox 582 3809 723 3875; x_wconf 81' lang='lat' dir='ltr'><strong>Saussaye</strong></span> <span class='ocrx_word' id='word_1_287' title='bbox 741 3828 768 3876; x_wconf 94' lang='lat' dir='ltr'><strong>p.</strong></span> <span class='ocrx_word' id='word_1_288' title='bbox 789 3813 930 3864; x_wconf 86' lang='lat'>110-113.</span> <span class='ocrx_word' id='word_1_289' title='bbox 1303 3823 1307 3829; x_wconf 85' lang='lat'>&#39;</span> 
     </span>
    </p>

    <p class='ocr_par' dir='ltr' id='par_1_10' title="bbox 342 3890 1481 4468">
     <span class='ocr_line' id='line_1_35' title="bbox 411 3890 1481 3962; baseline 0.007 -17"><span class='ocrx_word' id='word_1_290' title='bbox 411 3895 455 3958; x_wconf 82' lang='grc'><strong>76)</strong></span> <span class='ocrx_word' id='word_1_291' title='bbox 472 3890 692 3946; x_wconf 85' lang='lat' dir='ltr'><strong>Massiliensium</strong></span> <span class='ocrx_word' id='word_1_292' title='bbox 709 3911 793 3960; x_wconf 88' lang='lat' dir='ltr'><strong>remp.</strong></span> <span class='ocrx_word' id='word_1_293' title='bbox 813 3900 924 3948; x_wconf 85' lang='lat' dir='ltr'><strong>constat</strong></span> <span class='ocrx_word' id='word_1_294' title='bbox 941 3897 1050 3961; x_wconf 88' lang='lat' dir='ltr'><strong>proprio</strong></span> <span class='ocrx_word' id='word_1_295' title='bbox 1069 3897 1139 3947; x_wconf 89' lang='lat' dir='ltr'><strong>libro</strong></span> <span class='ocrx_word' id='word_1_296' title='bbox 1162 3897 1330 3962; x_wconf 85' lang='lat' dir='ltr'><strong>descriptam</strong></span> <span class='ocrx_word' id='word_1_297' title='bbox 1347 3914 1409 3950; x_wconf 89' lang='lat' dir='ltr'><strong>esse</strong></span> <span class='ocrx_word' id='word_1_298' title='bbox 1429 3894 1481 3953; x_wconf 67' lang='lat' dir='ltr'><strong>ab&#39;</strong></span> 
     </span>
     <span class='ocr_line' id='line_1_36' title="bbox 343 3979 1468 4047; baseline 0.006 -17"><span class='ocrx_word' id='word_1_299' title='bbox 343 3979 508 4043; x_wconf 79' lang='lat' dir='ltr'><strong>Aristotele3</strong></span> <span class='ocrx_word' id='word_1_300' title='bbox 528 3980 605 4030; x_wconf 90' lang='lat' dir='ltr'><strong>cuius</strong></span> <span class='ocrx_word' id='word_1_301' title='bbox 625 3995 686 4030; x_wconf 86' lang='lat' dir='ltr'><strong>curn</strong></span> <span class='ocrx_word' id='word_1_302' title='bbox 698 3995 753 4031; x_wconf 86' lang='lat' dir='ltr'><strong>nou</strong></span> <span class='ocrx_word' id='word_1_303' title='bbox 764 3981 819 4031; x_wconf 91' lang='lat' dir='ltr'><strong>nisi</strong></span> <span class='ocrx_word' id='word_1_304' title='bbox 836 3983 994 4047; x_wconf 82' lang='lat' dir='ltr'><strong>fragmenta</strong></span> <span class='ocrx_word' id='word_1_305' title='bbox 1006 3980 1141 4044; x_wconf 87' lang='lat' dir='ltr'><strong>quaedam</strong></span> <span class='ocrx_word' id='word_1_306' title='bbox 1155 3985 1251 4033; x_wconf 85' lang='lat' dir='ltr'><strong>extent</strong></span> <span class='ocrx_word' id='word_1_307' title='bbox 1268 3998 1285 4032; x_wconf 86' lang='lat' dir='ltr'><strong>a</strong></span> <span class='ocrx_word' id='word_1_308' title='bbox 1301 3985 1468 4047; x_wconf 87' lang='lat' dir='ltr'><strong>posterioris</strong></span> 
     </span>
     <span class='ocr_line' id='line_1_37' title="bbox 342 4051 1469 4130; baseline 0.006 -16"><span class='ocrx_word' id='word_1_309' title='bbox 342 4066 447 4116; x_wconf 88' lang='lat' dir='ltr'><strong>aetatis</strong></span> <span class='ocrx_word' id='word_1_310' title='bbox 465 4065 647 4130; x_wconf 89' lang='lat' dir='ltr'><strong>scriptoribus</strong></span> <span class='ocrx_word' id='word_1_311' title='bbox 665 4069 791 4129; x_wconf 87' lang='lat' dir='ltr'><strong>servata,</strong></span> <span class='ocrx_word' id='word_1_312' title='bbox 814 4067 943 4115; x_wconf 85' lang='lat' dir='ltr'><strong>instituta</strong></span> <span class='ocrx_word' id='word_1_313' title='bbox 966 4051 1043 4114; x_wconf 89' lang='lat' dir='ltr'><strong>illius</strong></span> <span class='ocrx_word' id='word_1_314' title='bbox 1064 4067 1139 4124; x_wconf 77' lang='lat' dir='ltr'><strong>urbis</strong></span> <span class='ocrx_word' id='word_1_315' title='bbox 1157 4070 1268 4130; x_wconf 86' lang='lat' dir='ltr'><strong>repetas</strong></span> <span class='ocrx_word' id='word_1_316' title='bbox 1286 4083 1403 4120; x_wconf 87' lang='lat' dir='ltr'><strong>neeesse</strong></span> <span class='ocrx_word' id='word_1_317' title='bbox 1424 4075 1469 4120; x_wconf 90' lang='grc'><strong>111</strong></span> 
     </span>
     <span class='ocr_line' id='line_1_38' title="bbox 343 4149 1466 4215; baseline 0.006 -17"><span class='ocrx_word' id='word_1_318' title='bbox 343 4151 508 4214; x_wconf 87' lang='lat' dir='ltr'><strong>praesertim</strong></span> <span class='ocrx_word' id='word_1_319' title='bbox 534 4165 567 4200; x_wconf 84' lang='lat' dir='ltr'><strong>ex</strong></span> <span class='ocrx_word' id='word_1_320' title='bbox 591 4149 726 4200; x_wconf 84' lang='lat' dir='ltr'><strong>Strabone</strong></span> <span class='ocrx_word' id='word_1_321' title='bbox 748 4153 764 4200; x_wconf 87' lang='lat'>4</span> <span class='ocrx_word' id='word_1_322' title='bbox 788 4166 813 4215; x_wconf 90' lang='lat' dir='ltr'><strong>p.</strong></span> <span class='ocrx_word' id='word_1_323' title='bbox 833 4151 890 4201; x_wconf 88' lang='grc'>179.</span> <span class='ocrx_word' id='word_1_324' title='bbox 933 4149 1016 4199; x_wconf 87' lang='grc' dir='ltr'>Α1ἰ11.</span> <span class='ocrx_word' id='word_1_325' title='bbox 1039 4149 1122 4202; x_wconf 86' lang='grc' dir='ltr'>Ρ1111.</span> <span class='ocrx_word' id='word_1_326' title='bbox 1147 4150 1184 4215; x_wconf 83' lang='grc'><strong>5,“</strong></span> <span class='ocrx_word' id='word_1_327' title='bbox 1200 4153 1225 4202; x_wconf 81' lang='lat'><strong>5.</strong></span> <span class='ocrx_word' id='word_1_328' title='bbox 1247 4153 1277 4214; x_wconf 88' lang='grc'><strong>6,</strong></span> <span class='ocrx_word' id='word_1_329' title='bbox 1302 4154 1327 4201; x_wconf 87' lang='grc'><strong>4.</strong></span> <span class='ocrx_word' id='word_1_330' title='bbox 1369 4153 1466 4204; x_wconf 87' lang='lat' dir='ltr'><strong>Valer.</strong></span> 
     </span>
     <span class='ocr_line' id='line_1_39' title="bbox 342 4233 1468 4302; baseline 0.006 -19"><span class='ocrx_word' id='word_1_331' title='bbox 342 4235 416 4284; x_wconf 87' lang='lat' dir='ltr'><strong>Max.</strong></span> <span class='ocrx_word' id='word_1_332' title='bbox 435 4237 461 4298; x_wconf 79' lang='lat'><strong>2,</strong></span> <span class='ocrx_word' id='word_1_333' title='bbox 480 4237 505 4295; x_wconf 86' lang='lat'><strong>6,</strong></span> <span class='ocrx_word' id='word_1_334' title='bbox 523 4236 598 4285; x_wconf 83' lang='grc'>7-9.</span> <span class='ocrx_word' id='word_1_335' title='bbox 629 4233 763 4286; x_wconf 75' lang='lat' dir='ltr'><strong>Cicerone</strong></span> <span class='ocrx_word' id='word_1_336' title='bbox 781 4234 815 4283; x_wconf 90' lang='lat' dir='ltr'><strong>de</strong></span> <span class='ocrx_word' id='word_1_337' title='bbox 834 4249 891 4297; x_wconf 86' lang='lat' dir='ltr'><strong>rep.</strong></span> <span class='ocrx_word' id='word_1_338' title='bbox 912 4235 939 4296; x_wconf 88' lang='lat' dir='ltr'><strong>i,</strong></span> <span class='ocrx_word' id='word_1_339' title='bbox 953 4235 984 4282; x_wconf 79' lang='grc'><strong>27</strong></span> <span class='ocrx_word' id='word_1_340' title='bbox 998 4248 1038 4297; x_wconf 84' lang='lat' dir='ltr'><strong>sq.</strong></span> <span class='ocrx_word' id='word_1_341' title='bbox 1057 4249 1107 4299; x_wconf 87' lang='lat' dir='ltr'><strong>pro</strong></span> <span class='ocrx_word' id='word_1_342' title='bbox 1124 4235 1228 4286; x_wconf 81' lang='lat' dir='ltr'><strong>Flacco</strong></span> <span class='ocrx_word' id='word_1_343' title='bbox 1247 4237 1288 4298; x_wconf 80' lang='grc'><strong>26,</strong></span> <span class='ocrx_word' id='word_1_344' title='bbox 1302 4238 1344 4300; x_wconf 88' lang='grc'><strong>63,</strong></span> <span class='ocrx_word' id='word_1_345' title='bbox 1364 4239 1468 4302; x_wconf 89' lang='lat' dir='ltr'><strong>quibus</strong></span> 
     </span>
     <span class='ocr_line' id='line_1_40' title="bbox 342 4318 1467 4384; baseline 0.009 -18"><span class='ocrx_word' id='word_1_346' title='bbox 342 4319 496 4382; x_wconf 85' lang='lat' dir='ltr'><strong>singularia</strong></span> <span class='ocrx_word' id='word_1_347' title='bbox 515 4318 651 4384; x_wconf 86' lang='lat' dir='ltr'><strong>quaedam</strong></span> <span class='ocrx_word' id='word_1_348' title='bbox 670 4335 704 4369; x_wconf 88' lang='lat' dir='ltr'><strong>ex</strong></span> <span class='ocrx_word' id='word_1_349' title='bbox 723 4319 786 4369; x_wconf 87' lang='lat' dir='ltr'><strong>aliis</strong></span> <span class='ocrx_word' id='word_1_350' title='bbox 805 4318 984 4382; x_wconf 88' lang='lat' dir='ltr'><strong>scriptoribus</strong></span> <span class='ocrx_word' id='word_1_351' title='bbox 1004 4318 1176 4383; x_wconf 87' lang='lat' dir='ltr'><strong>excerpenda</strong></span> <span class='ocrx_word' id='word_1_352' title='bbox 1196 4319 1340 4370; x_wconf 85' lang='lat' dir='ltr'><strong>accedunt.</strong></span> <span class='ocrx_word' id='word_1_353' title='bbox 1378 4322 1467 4376; x_wconf 88' lang='lat' dir='ltr'><strong>Prae·</strong></span> 
     </span>
     <span class='ocr_line' id='line_1_41' title="bbox 343 4397 738 4468; baseline 0.013 -18"><span class='ocrx_word' id='word_1_354' title='bbox 343 4406 420 4452; x_wconf 86' lang='lat' dir='ltr'><strong>terea</strong></span> <span class='ocrx_word' id='word_1_355' title='bbox 439 4403 488 4454; x_wconf 85' lang='lat' dir='ltr'><strong>eir.</strong></span> <span class='ocrx_word' id='word_1_356' title='bbox 508 4419 592 4468; x_wconf 89' lang='lat' dir='ltr'><strong>supra</strong></span> <span class='ocrx_word' id='word_1_357' title='bbox 610 4407 667 4454; x_wconf 86' lang='lat' dir='ltr'><strong>not.</strong></span> <span class='ocrx_word' id='word_1_358' title='bbox 686 4397 738 4455; x_wconf 69' lang='lat'><strong>37.⁴</strong></span> 
     </span>
    </p>
   </div>
   <div class='ocr_carea' id='block_1_9' title="bbox 0 0 1596 5162">
    <p class='ocr_par' dir='ltr' id='par_1_11' title="bbox 0 0 1596 5162">
     <span class='ocr_line' id='line_1_42' title="bbox 0 0 1596 5162; baseline 0 0"><span class='ocrx_word' id='word_1_359' title='bbox 0 0 1596 5162; x_wconf 95' lang='lat' dir='ltr'><strong> </strong></span> 
     </span>
    </p>
   </div>
   <div class='ocr_carea' id='block_1_10' title="bbox 1590 4343 1592 5076">
    <p class='ocr_par' dir='ltr' id='par_1_12' title="bbox 1590 4343 1592 5076">
     <span class='ocr_line' id='line_1_43' title="bbox 1590 4343 1592 5076; baseline 0 0"><span class='ocrx_word' id='word_1_360' title='bbox 1590 4343 1592 5076; x_wconf 95' lang='lat' dir='ltr'><strong> </strong></span> 
     </span>
    </p>
   </div>
  </div>
 </body>
</html>
