3154 5162
315 453 376 516 106
701 448 784 506 PARS
806 449 824 506 Ι.
868 447 974 506 GAPVT
996 447 1026 504 li.

314 635 372 698 que
395 623 495 680 tamen
523 615 617 677 ullum
646 621 727 676 extat
755 618 819 676 eius
847 617 893 676 rei
914 615 1131 682 testimonium
1156 631 1224 674 nam
1252 615 1367 675 nummi
1388 612 1433 674 iiii

314 721 414 790 aenei,
439 721 489 797 qui
510 719 684 796 frequentes
707 717 803 778 adbuc
824 719 1031 787 inveniuntur,
1059 717 1090 776 in
1112 716 1280 796 quibusque
1301 715 1430 776 Nemau-

315 839 418 884 senses
441 840 500 882 non
523 819 620 882 solum
643 819 794 881 Octaviani
816 818 868 879 sed
891 820 980 880 etiam
1003 819 1151 899 Agrippae
1177 819 1353 878 memoriam
1382 835 1431 878 ce·

314 923 484 993 lebrarunt,
518 925 618 984 iuncta
649 925 755 983 ebrum
786 923 881 1000 capita
908 921 938 981 in
967 917 1090 982 adver'sa
1122 937 1313 982 nummorum
1345 927 1432 998 parte

315 1025 460 1104 tingentes
473 1022 525 1102 88),
549 1043 609 1086 non
631 1031 758 1103 possunt
779 1023 888 1084 reterri
910 1021 947 1083 ad
969 1039 995 1082 a.
1020 1027 1060 1090 39
1083 1029 1112 1082 et
1134 1027 1190 1090 38;
1220 1023 1326 1090 immo,
1357 1037 1431 1098 quo·

315 1131 394 1189 niam
418 1144 539 1188 aversae
562 1127 655 1206 partis
677 1127 761 1204 signa
784 1131 854 1186 sunt
875 1123 1043 1185 crocodilus
1066 1139 1218 1202 superque
1240 1141 1309 1184 eum
1323 1120 1431 1202 palma,

316 1248 391 1308 quae
415 1231 514 1307 signa,
537 1227 568 1287 id
591 1227 670 1305 quod
693 1235 723 1288 et
736 1246 792 1307 per
808 1245 840 1288 se
855 1225 1037 1304 intellegitur
1053 1232 1083 1286 et
1097 1223 1223 1286 aliorum
1240 1243 1433 1286 nummorum

316 1330 454 1410 exemplo
476 1328 635 1410 probatur,
659 1331 812 1409 pertinent
834 1327 870 1388 ad
893 1335 1009 1408 captam
1037 1328 1074 1388 ab
1097 1327 1255 1389 Octaviano
1285 1343 1363 1386 anno
1392 1331 1433 1393 30

315 1435 496 1512 Aegyptum,
522 1438 552 1492 ot
574 1431 653 1508 quod
675 1449 736 1491 non
750 1431 889 1509 Augusti,
913 1430 964 1490 sed
987 1431 1178 1508 imperatoris
1193 1429 1344 1496 Caesaris,
1368 1429 1434 1488 Diri

316 1534 377 1604 tilii,
401 1549 511 1594 nomen
533 1535 564 1592 in
587 1534 625 1592 iis
647 1531 765 1609 legitur,
790 1541 905 1592 utnon
927 1538 995 1592 ante
1018 1551 1043 1592 a.
1061 1536 1111 1599 30,
1134 1533 1175 1590 ita
1191 1548 1251 1590 uon
1265 1537 1333 1609 post
1348 1547 1374 1589 a.
1392 1534 1433 1596 27

318 1643 388 1698 snut
405 1636 521 1712 signati.
550 1634 592 1694 Eo
609 1635 675 1712 ipso
693 1640 792 1694 autem
811 1652 837 1694 a.
855 1637 905 1703 27,
923 1649 982 1712 quo
997 1634 1122 1710 Augusti
1137 1649 1246 1692 nomen
1262 1633 1432 1710 assumpsit,

318 1738 509 1798 Octavianum
532 1753 623 1813 supra
646 1732 683 1814 (p.
701 1739 742 1802 96
758 1734 813 1814 sq.)
836 1735 963 1796 vidimus
985 1737 1094 1795 iterum
1116 1735 1233 1794 venisse
1254 1734 1285 1793 in
1308 1731 1434 1794 Galliam

319 1845 349 1900 et
372 1843 551 1900 conventum
575 1835 735 1900 Galliarum
759 1839 856 1916 egisse
879 1837 1031 1906 Narbone,
1056 1835 1212 1912 eidemque
1241 1852 1320 1896 anno
1342 1851 1435 1913 supra

318 1941 508 2002 attribuimus
529 1939 642 2000 finitam
664 1941 834 2018 provinciae
855 1939 982 2000 formam
1004 1939 1136 2017 exceptis
1156 1936 1333 2015 quibusdam
1347 1937 1434 1996 insti·

318 2045 403 2112 tutis,
434 2059 509 2120 quae
538 2060 554 2101 a
582 2041 702 2101 domitis
730 2039 870 2118 gentibus
900 2039 1041 2118 Inalpinis
1070 2037 1248 2119 pendebant.
1298 2038 1435 2114 benique

319 2163 385 2206 eum
413 2143 463 2204 iila
485 2144 655 2222 provinciae
684 2142 719 2202 ad
749 2147 884 2202 senatum
912 2143 1088 2202 transitione
1115 2139 1231 2200 videtur
1261 2137 1435 2206 cohaerere,

319 2246 399 2323 quod
420 2247 535 2305 nummi
557 2245 645 2305 buius
668 2244 799 2321 regionis
821 2250 890 2322 post
912 2263 938 2307 a.
956 2248 997 2310 23
1020 2243 1125 2320 signati
1148 2259 1208 2301 non
1230 2245 1339 2300 extant.
1374 2241 1435 2300 Au·

319 2352 425 2426 gustus
447 2344 576 2416 scilicet,
600 2348 626 2407 si
647 2347 821 2425 priusquam
844 2363 881 2405 ex
903 2344 1040 2406 manibus
1062 2346 1125 2405 suis
1148 2345 1298 2403 emitteret
1313 2343 1435 2420 provin·

320 2451 411 2516 ciam,
435 2466 471 2507 ex
494 2449 574 2506 omni
596 2454 682 2525 parte
704 2447 740 2508 ad
763 2465 849 2507 suum
866 2446 1022 2508 arbitrium
1039 2463 1102 2506 eam
1119 2446 1309 2506 constitutam
1330 2442 1435 2512 voluit,

321 2569 357 2610 ex
379 2557 461 2609 novo·
479 2548 598 2627 imperii
621 2547 725 2608 ordine
748 2566 809 2610 non
831 2551 928 2628 potuit
954 2547 1135 2615 concedere,
1159 2545 1287 2606 liberum
1309 2545 1341 2605 in
1363 2563 1435 2624 pro·

319 2653 415 2712 vincia
442 2651 590 2710 senatoria
617 2650 734 2728 oppidis
757 2648 870 2711 Latinis
894 2652 940 2710 ius
967 2668 1033 2710 esse
1063 2649 1203 2728 proprios
1229 2663 1368 2708 nummos
1395 2647 1436 2706 si-

320 2753 438 2831 grandi.

403 2854 461 2915 Per
490 2871 578 2914 omne
606 2850 680 2914 illud
707 2860 840 2932 tempus,
874 2870 933 2930 quo
961 2851 1031 2912 inde
1062 2871 1079 2912 a
1105 2851 1210 2930 Lepidi
1238 2867 1274 2910 ex
1307 2851 1437 2928 imperio

320 2958 465 3019 eiectione
488 2954 543 3018 sub
566 2955 725 3016 Octaviano
748 2954 841 3017 Gallia
862 2953 1065 3016 Narbonensis
1088 2959 1167 3022 erat,
1196 2953 1327 3030 exceptis
1350 2951 1438 3012 amris

320 3064 360 3126 39
383 3065 413 3118 et
435 3063 488 3127 38,
512 3056 621 3134 quibus
643 3057 772 3136 Agrippa
793 3057 976 3136 provinciam
999 3056 1090 3124 rexit,
1119 3056 1171 3131 qui
1192 3053 1348 3134 praesides
1370 3053 1437 3113 iue-

318 3161 381 3221 rint
401 3161 535 3235 ignotum
556 3164 610 3218 est.

388 3443 431 3510 88)
450 3446 492 3495 De
510 3444 539 3495 la
558 3443 698 3510 sausseye
716 3462 744 3510 p.
764 3446 812 3496 156
829 3460 855 3497 n.
873 3447 889 3495 8
908 3459 966 3510 sqq.
985 3445 1041 3495 tab.
1060 3443 1112 3494 XX
1131 3459 1170 3508 sq.
