3154 5162
289 489 330 551 66
684 485 770 545 Pons
791 487 811 543 Ι.
853 485 960 544 ulnis
981 484 1000 544 l.

290 653 417 716 Sertorii
437 671 579 715 successu
601 671 662 714 non
689 661 854 734 potuerunt
880 671 940 714 non
962 653 1061 714 denuo
1089 655 1120 713 in
1147 669 1232 732 spem
1260 649 1413 711 llbertatis

291 757 365 834 erigi
392 753 545 817 Gallorum
573 757 679 825 animi;
716 757 817 834 itaque
846 774 913 816 cum
947 755 1052 816 eodem
1078 771 1156 816 anno
1183 754 1345 832 Pompeias
1368 767 1413 810 ex

185 873 191 887 ·
289 857 372 919 ltalia
394 857 430 918 ad
452 856 564 919 bellum
586 856 779 937 liispanIcum
801 859 910 918 missus
931 875 1008 918 novo
1029 858 1137 918 itinere
1158 873 1214 935 per
1235 853 1324 934 Alpes
1340 853 1413 914 Cot·

288 959 345 1021 tias
367 967 470 1039 aperto
492 962 524 1019 in
545 957 671 1020 Galliam
693 957 934 1030 transcenderet,
962 961 1132 1021 universam
1159 957 1343 1037 provinciam
1371 952 1413 1014 ab

287 1060 412 1141 Alpibus
441 1061 477 1122 ad
505 1059 692 1142 Pyrenaeum
719 1060 914 1122 rebellantem
942 1063 1055 1122 invenit
1081 1079 1137 1122 nec
1168 1059 1227 1119 nisi
1253 1055 1414 1118 Gallorum

287 1165 509 1231 internecione,
544 1168 578 1222 ut
603 1162 675 1224 dicit
707 1162 826 1233 Cicero,
860 1165 918 1224 iter
949 1165 981 1224 in
1008 1161 1180 1242 Hispaniam
1212 1159 1363 1239 patefecit
1371 1153 1412 1235 ⁷¹)

289 1263 404 1336 Quibus
425 1265 457 1324 in
478 1265 588 1344 pugnis
611 1281 678 1326 cum
700 1263 928 1326 Massiliensium
950 1267 1015 1325 sine
1037 1263 1129 1325 dubio
1150 1261 1268 1324 auxiliis
1290 1260 1415 1320 adiutus

290 1372 383 1436 esset,
414 1379 502 1443 agros
535 1365 693 1427 Volcarum
720 1367 963 1428 Arecomicorum
997 1365 1245 1442 Helviorumque,
1282 1377 1359 1438 quae
1395 1377 1415 1418 a

288 1467 392 1529 dextra
419 1465 556 1528 Rhodani
579 1467 725 1528 blaesillae
751 1469 903 1529 territorio
929 1469 1071 1529 finitimae
1094 1471 1315 1543 emungentes,
1339 1462 1416 1522 baie

288 1569 357 1630 urbi
380 1564 581 1648 concessit.⁷²)
626 1571 723 1645 Atque
749 1571 917 1631 tristissima
944 1577 1008 1630 tum
1036 1570 1206 1648 provinciae
1233 1564 1415 1627 Narbonen-

289 1672 330 1730 sis
353 1669 456 1731 clebnit
477 1685 544 1730 csse
567 1687 647 1731 sors:
675 1687 804 1748 namque
826 1671 985 1750 Pompeius
1013 1689 1083 1732 curn
1111 1670 1147 1730 ad
1169 1668 1282 1730 bellum
1305 1667 1415 1727 Serto-

289 1773 408 1832 rianum
430 1787 558 1850 pergere
581 1767 715 1840 deberet,
739 1771 867 1834 decessit
889 1772 1009 1850 quidem
1032 1789 1068 1832 en
1084 1769 1188 1840 Gallia,
1212 1769 1264 1830 sed
1287 1767 1418 1845 reliquit

289 1872 325 1934 ad
354 1873 518 1952 pacandam
546 1874 730 1952 provinciam
757 1871 795 1933 ll.
823 1874 991 1935 Fonteium.
1036 1873 1108 1934 Erat
1135 1874 1162 1932 is
1189 1873 1226 1933 Μ.
1256 1868 1307 1930 ille
1330 1869 1416 1930 Fon-

287 1976 374 2045 teius,
399 1991 487 2054 quem
512 1981 614 2035 contre
630 1973 784 2035 Gallorum
800 1976 1003 2036 accusationes
1017 1973 1130 2035 Romae
1152 1981 1257 2053 postea
1277 1969 1420 2031 defendit

287 2076 409 2146 Cineam
441 2077 525 2138 culus
554 2077 649 2136 oratio
678 2081 711 2137 ut
733 2078 854 2138 omnino
881 2077 980 2154 magni
1005 2077 1150 2137 momenti
1172 2073 1277 2135 estad
1300 2089 1419 2149 cogno·

289 2177 398 2238 scenda
419 2176 622 2239 Narbonensis
649 2178 820 2256 provinciae
847 2179 996 2247 instituta,
1025 2179 1066 2237 ita
1092 2194 1171 2254 quae
1198 2183 1263 2236 tum
1287 2181 1420 2234 externa

289 2281 354 2340 eius
377 2280 511 2340 condicio
534 2280 634 2347 inerit,
658 2279 770 2357 optime
792 2278 861 2339 inde
883 2281 1055 2359 perspicias.
1093 2278 1256 2341 Audiamus
1277 2277 1419 2355 primum

291 2398 325 2440 ea
348 2381 477 2457 quaein
500 2379 617 2440 clientis
640 2380 686 2439 sui
714 2377 831 2440 laudern
855 2381 958 2441 Cicero
981 2379 1081 2442 affert:
1110 2399 1166 2459 per
1193 2379 1224 2439 id
1246 2379 1421 2439 triennium

289 2498 349 2559 quo
370 2479 441 2540 buic
463 2481 633 2559 provincias
656 2481 785 2558 praefuit
807 2481 844 2540 ll.
862 2482 1004 2545 Fonteius
1027 2483 1079 2556 qui
1101 2489 1191 2542 erant
1209 2481 1314 2551 hostes,
1338 2479 1421 2540 sub-

288 2585 362 2658 epit,
391 2583 596 2657 estproximo·
614 2581 757 2658 suerent,
785 2599 834 2642 eos
855 2600 895 2642 ea
917 2587 952 2644 iis
974 2587 1073 2660 apris,
1102 2585 1209 2658 quibos
1229 2599 1250 2642 α
1271 2581 1422 2658 Pompeio

288 2689 377 2742 erant
392 2685 533 2752 mulctati,
550 2682 694 2743 decedere
708 2685 819 2758 coepit·
840 2687 953 2759 ceteris,
970 2693 1002 2746 ut
1015 2701 1134 2761 semper
1146 2687 1260 2760 populo
1274 2683 1424 2744 Romano

285 2791 449 2860 parerent,
472 2801 596 2860 mancos
616 2787 764 2859 equitatus
785 2786 829 2845 od
854 2802 889 2846 ea
908 2787 999 2859 bello,
1028 2805 1105 2862 quae
1126 2795 1188 2846 tom
1209 2789 1242 2846 in
1264 2792 1323 2845 toto
1342 2785 1423 2846 orbe

287 2892 440 2946 terrorum
457 2903 487 2955 ,α
510 2889 621 2962 populo
654 2886 790 2946 Boreono
813 2888 1010 2962 corceantur,
1044 2905 1172 2963 mopsos
1195 2888 1345 2963 peccatos
1372 2888 1425 2946 ad

287 3003 389 3048 eorum
406 2987 596 3062 stipendium,
619 2990 783 3047 maximum
802 2988 951 3060 frumenti
971 3005 1127 3050 nummum
1148 2992 1192 3049 od
1209 2989 1423 3064 Hispaniense

287 3089 394 3150 bellom
415 3089 603 3149 telonarium
625 3085 833 3166 imperauit⁷³)
877 3087 930 3150 His
953 3089 1036 3159 addc,
1061 3090 1141 3168 qnod
1162 3090 1218 3152 sub
1234 3091 1326 3150 finem
1343 3093 1423 3152 anni

287 3243 356 3251 -n
371 3244 436 3249 —....-
453 3243 495 3248 ..-
506 3243 548 3248 -.-
559 3243 593 3248 ...-

357 3323 400 3389 71)
425 3323 496 3390 App.
514 3323 543 3372 b.
560 3338 584 3376 e.
603 3326 629 3381 1,
650 3326 712 3374 109:
735 3314 751 3374 ὁ
774 3317 807 3374 nl
827 3316 1013 3390 (Πομπήϊος)
1032 3317 1060 3383 ἒς
1082 3317 1118 3376 τὰ
1130 3316 1246 3378 ’Ἄλπεια
1265 3315 1319 3393 ὄρη
1340 3323 1423 3391 μετὰ

289 3399 475 3474 φρονήματος
492 3399 576 3472 (lupen
594 3398 629 3457 οὗ
646 3401 720 3458 κατὰ
734 3404 786 3471 τὴν
803 3399 927 3472 Ἀννίβου
939 3409 1160 3476 μεγαλουργίαν,
1181 3401 1284 3475 ἑτέραν
1296 3402 1327 3462 δ’
1349 3404 1424 3478 ἐχά-

288 3505 397 3555 ρασοαν
419 3483 495 3556 ἀμφὶ
518 3494 582 3550 ταῖς
604 3492 711 3556 πηγαῖς
733 3489 784 3542 τοῦ
807 3507 837 3542 τε
857 3482 995 3544 Ῥοδανοῦ
1016 3490 1067 3544 καὶ
1086 3486 1252 3558 Ἠριδανοῦ.
1296 3495 1424 3553 Sallust.

288 3576 355 3627 bist.
373 3576 454 3640 frgm.
472 3577 496 3634 3,
516 3577 556 3624 11.
593 3573 650 3625 Cic.
670 3575 703 3625 cie
721 3576 785 3640 imp.
806 3574 854 3624 Cn.
873 3576 966 3642 Pomp.
985 3579 1027 3640 11,
1046 3581 1088 3629 29.

356 3658 399 3720 ’12)
419 3657 500 3708 Caes.
518 3659 545 3710 b.
565 3658 617 3708 civ.
638 3662 666 3724 1,
686 3661 728 3710 35.
895 3649 901 3664 '

359 3741 401 3804 te)
427 3741 697 3806 clemenciae,
718 3745 758 3794 te.
782 3744 826 3802 14,
845 3745 886 3794 32.
923 3745 1001 3805 Quod
1025 3747 1177 3797 triennium
1196 3749 1298 3813 Zumpt
1318 3748 1425 3811 (siun.

289 3827 366 3879 Rom.
384 3841 411 3890 p.
429 3824 458 3891 6)
475 3825 563 3876 inisse
580 3825 651 3875 nicil
668 3841 731 3877 ann.
751 3827 858 3886 iii-ii,
877 3827 959 3877 Klotz
979 3827 1136 3890 (Ciceronis
1155 3847 1243 3897 opera
1254 3835 1290 3886 V.
1309 3849 1337 3899 p.
1353 3837 1425 3902 152)

289 3911 402 3970 'lt-io,
421 3911 571 3960 Mommsen
589 3908 631 3972 (R.
651 3909 684 3960 (i.
704 3914 727 3969 8,
746 3908 806 3974 11111)
826 3912 943 3962 'te—74.
978 3913 1076 3964 Potest
1094 3919 1189 3966 antem
1209 3918 1283 3968 ratio
1302 3933 1426 3986 compu-

288 3994 366 4046 tandi
383 3991 448 4044 inde
466 3997 573 4043 tantum
591 3993 710 4053 desumi,
735 3993 805 4058 quod
828 3995 864 4044 M.
885 3995 1018 4046 Fonteius
1041 3999 1174 4050 mandata
1194 4007 1333 4053 executus
1354 4020 1425 4058 esse

288 4078 390 4128 dicitnr
411 4078 526 4143 Pompei
543 4076 603 4142 (pro
620 4078 701 4130 Font.
721 4080 744 4138 6,
764 4077 822 4142 14);
841 4081 871 4127 et
890 4079 960 4142 qnod
979 4081 1079 4146 Zumpt
1097 4085 1205 4144 statuit,
1224 4091 1286 4137 tum
1304 4087 1425 4142 demum

288 4178 323 4214 ea
340 4159 486 4212 mendasse
504 4161 674 4226 Pompeium,
700 4175 760 4210 cnm
779 4177 812 4211 ex
830 4161 968 4227 Hispania
986 4165 1096 4216 rediens
1114 4169 1143 4218 in
1163 4169 1262 4220 Gallia
1280 4171 1426 4226 hiberna·

288 4249 343 4304 ret,
367 4244 425 4296 sive
448 4245 528 4296 initio
547 4247 677 4308 11111173,
699 4244 728 4294 id
750 4244 835 4294 multo
858 4247 948 4297 minus
971 4249 1118 4313 probabile
1143 4257 1188 4303 esi
1211 4269 1296 4318 qnam
1318 4261 1427 4312 statim

287 4331 351 4394 post
368 4330 528 4394 profligatos
547 4347 572 4380 e.
591 4330 623 4379 77
648 4328 743 4378 Gallos
766 4327 891 4378 relictum
911 4345 971 4382 esse
988 4335 1136 4385 Fonteium
1155 4337 1190 4387 ed
1210 4339 1429 4396 conficiendum

287 4426 357 4478 opus
380 4414 498 4478 abipso
521 4415 686 4478 imperatore
707 4412 876 4462 inchoatum.
912 4413 1011 4466 Utrum
1034 4423 1127 4470 autem
1150 4435 1213 4471 cum
1236 4423 1358 4478 Klotzio
1386 4428 1427 4484 ab
