3148 5160
514 413 598 470 PARS
620 411 650 470 ll.
695 415 800 472 CAPVT
824 416 854 506 ll.
1184 417 1244 481 183

29 561 32 572 ’
132 582 228 642 stituta
251 571 320 642 vere
335 579 469 642 Romana
491 581 636 650 valebant,
661 582 786 644 infracta
809 582 928 660 quidem
943 601 1041 660 neque
1062 603 1133 644 vero
1155 604 1242 663 pror·

131 701 179 743 sus
200 682 313 744 sublata
337 689 382 744 est
404 690 488 743 vetus
511 683 705 744 consuetudo.

358 903 386 966 b)
422 905 465 954 De
485 903 632 970 generibus
651 904 790 954 hominum
810 908 837 956 et
855 905 1006 956 ordinibus.

208 1059 325 1119 Genera
347 1057 502 1119 hominum
526 1077 559 1118 ea
576 1057 768 1138 appellamus,
793 1076 868 1135 quae
892 1060 1113 1120 constituuntur
1137 1060 1241 1122 discri-

129 1160 252 1220 minibus
276 1161 422 1229 nationiS,
447 1166 556 1229 status,
587 1166 744 1236 quaestus;
774 1159 913 1221 ordinum
936 1168 1034 1221 autem
1056 1161 1167 1238 gradus
1190 1180 1241 1240 ap·

35 1307 40 1312 -
128 1260 267 1340 pellamus
291 1281 358 1332 eos,
389 1263 440 1338 qui
466 1263 557 1340 positi
586 1269 654 1322 suut
681 1263 711 1320 in
740 1263 854 1322 ratione
883 1262 957 1323 iuris
980 1265 1118 1333 civitatis,
1147 1265 1177 1323 in
1207 1281 1240 1322 re

128 1362 275 1434 familiari,
304 1365 335 1423 in
362 1363 529 1441 insignibus
559 1365 620 1424 sive
647 1365 830 1424 ornamentis
853 1363 1037 1434 honorificis,
1066 1367 1098 1425 in
1125 1363 1240 1442 vulgari

128 1463 273 1526 bominum
297 1467 509 1527 aestimatione.

393 1635 423 1713 a)
462 1636 508 1695 De
536 1634 742 1713 generibus
770 1635 965 1696 hominum.

203 1771 245 1832 Ad
269 1771 464 1834 nationum
493 1771 612 1848 quidem
636 1771 806 1834 discrimina
836 1772 914 1848 quod
938 1773 1056 1839 attinet,
1086 1790 1181 1850 usque
1204 1771 1260 1837 ad,

127 1871 274 1933 Strabonis
308 1880 435 1934 aetatem
468 1872 568 1933 Gallos
601 1873 768 1951 indigenae,
805 1890 982 1952 quamquam
1014 1871 1111 1932 Latini
1144 1879 1237 1940 erant,

125 1973 213 2052 probe
244 1983 345 2036 tamen
379 1975 513 2035 videmus
547 1975 689 2052 distingui
718 1995 734 2035 a
763 1974 876 2035 colonis
904 1973 1086 2050 alienigenis
1140 1971 1239 2032 Gallos

126 2077 198 2136 enim
220 2076 293 2136 dicit
308 2075 415 2136 Strabo
439 2077 508 2137 olim
532 2075 775 2138 bellicosissimos
792 2078 855 2136 iam
876 2075 1047 2136 aRomanis
1070 2073 1237 2134 exercendo

125 2184 217 2238 aratro
241 2196 309 2238 esse
337 2177 471 2247 adactos,
500 2180 654 2258 propriam
683 2178 802 2239 Gallicis
829 2175 1007 2238 mulieribus
1036 2173 1167 2235 celebrat
1195 2177 1238 2235 le-

125 2279 315 2349 cunditatem,
340 2278 419 2339 unde
434 2279 696 2357 frequendssimus
712 2298 765 2340 sua
788 2285 884 2340 aetate
902 2278 1109 2355 indigenarum
1128 2278 1166 2337 sit
1182 2297 1236 2356 po·

125 2381 214 2460 pulus,
231 2381 425 2459 Allobrogum
441 2400 541 2442 mores
557 2381 699 2442 describit
713 2387 747 2442 ut
761 2381 858 2459 gentis
873 2382 1006 2458 integrae
1022 2397 1120 2457 neque
1136 2377 1237 2440 alieni·

124 2484 203 2560 genis
225 2485 336 2544 mixtae
360 2489 390 2543 et
412 2483 631 2545 Nemausenses
659 2484 787 2560 denique
810 2481 892 2544 Latio
921 2482 1046 2542 donatos
1068 2488 1102 2542 ut
1123 2481 1237 2558 indige-

124 2603 172 2644 nas
202 2583 299 2664 probe
333 2584 488 2662 distinguit
522 2605 538 2646 a
572 2584 685 2646 colonis
718 2585 832 2646 civibus
866 2569 1018 2644 Romanis.
1070 2583 1129 2644 Sed
1157 2581 1237 2642 idem

124 2685 223 2747 Strabo
248 2705 308 2747 uon
337 2686 432 2746 solum
455 2688 630 2769 rruiversam
658 2693 777 2764 gentem
807 2685 1004 2764 agriculturae
1033 2689 1159 2744 testatur
1183 2702 1236 2743 sua

29 2799 30 2806 ’
123 2793 212 2850 aetate
240 2788 377 2868 coepisse
406 2790 575 2866 assuefieri,
606 2788 657 2849 scd
680 2787 873 2865 Allobrogum
902 2788 1049 2846 civitatem
1078 2787 1236 2845 maximam

122 2889 209 2950 refert
235 2891 342 2970 positis
373 2893 464 2951 armis
492 2889 581 2950 valles
603 2890 723 2968 Alpinas
745 2891 802 2949 iam
827 2886 925 2948 colere
948 2893 978 2947 et
1001 2887 1158 2954 Viennam,
1182 2904 1235 2945 no·

29 3009 31 3072 j
122 2987 219 3052 billum
247 2990 441 3069 Allobrogum
471 2991 666 3060 domicilium,
697 2993 748 3067 qui
769 2991 851 3049 vicus
874 2988 1023 3066 quondam
1045 2988 1148 3057 luerit,
1177 2989 1236 3047 iam

122 3091 155 3151 ad
168 3093 335 3170 frequentis
357 3092 459 3173 oppidi
481 3093 652 3171 dignitatem
676 3111 742 3153 esse
765 3092 888 3160 elatam;
913 3090 1034 3150 omnino
1056 3095 1155 3150 autem
1177 3090 1236 3148 iam

29 3217 30 3222 ¹
122 3210 175 3253 non
197 3193 343 3255 barbaros
366 3193 508 3254 dicendos
530 3212 596 3255 csse
618 3194 787 3272 indigenas,
813 3200 846 3254 ut
867 3210 995 3271 quorum
1017 3192 1144 3252 maxima
1166 3207 1236 3270 pars

29 3325 31 3358 ι
121 3291 230 3373 lingua,
260 3313 373 3374 genere
395 3297 485 3366 vitae,
517 3295 666 3365 moribus,
695 3295 811 3374 legibus
838 3295 874 3354 ad
897 3294 1100 3355 Romanorum
1123 3292 1236 3353 cultum

29 3379 30 3430 3
122 3412 151 3455 se
183 3391 478 3475 conformaverit.⁸²)
531 3400 702 3478 Vespasiani
735 3404 834 3459 autem
872 3404 1008 3476 tempore
1044 3415 1105 3457 non
1139 3394 1235 3455 solum

29 3547 30 3574 3
122 3513 258 3576 agrorum
281 3498 377 3568 cultu,
408 3500 460 3560 sed
490 3501 578 3560 etiam
601 3501 734 3560 virorum
763 3515 940 3576 morumque
969 3497 1139 3580 dignatione
1161 3497 1235 3557 Nar-

29 3647 32 3682 ,
121 3597 281 3661 boneusem
316 3600 390 3661 nulli
422 3603 642 3681 provinciarum
669 3601 783 3662 Plinius
813 3601 883 3662 dicit
910 3618 975 3660 esse
1002 3599 1234 3679 postferendam

120 3700 205 3762 immo
228 3701 341 3764 ltaliam
359 3705 457 3763 verius
472 3720 559 3781 quam
577 3699 813 3782 provinciam.⁸³)
853 3703 947 3774 Quam
962 3703 1091 3764 nationis
1107 3700 1246 3760 Gallicae.

120 3805 407 3865 transformationem
441 3805 552 3866 ultimis
585 3805 669 3882 quasi
702 3805 831 3882 vestigiis
864 3811 952 3865 tenus
985 3801 1235 3882 deprehendimus

120 3903 147 3964 in
178 3904 328 3984 lapidibus
360 3907 523 3987 inscriptis.
574 3907 654 3966 Inter
687 3925 760 3985 quas
794 3922 852 3983 quo
887 3923 962 3984 quae
996 3906 1146 3980 antiquior
1180 3908 1233 3970 est,

122 4002 225 4066 Gallica
254 4008 316 4066 sive
344 4009 463 4068 nomina
493 4006 614 4068 exhibet
647 4009 707 4068 sive
740 4009 928 4085 cognomina:
963 4009 994 4068 in
1022 4002 1234 4080 Tectosagibus

183 4277 225 4341 aa)
246 4277 346 4328 sarano
363 4277 411 4328 lv.
429 4294 455 4344 p.
476 4277 573 4330 1580.
593 4279 650 4330 rao.
671 4280 727 4328 181.
748 4278 805 4328 186.
825 4277 883 4326 rar.

182 4361 226 4426 83)
244 4361 318 4412 Plin.
335 4359 398 4412 hist.
417 4378 444 4412 n.
463 4366 491 4425 3,
511 4364 526 4412 5
544 4362 607 4414 init.
