3154 5162
515 405 599 463 PARS
621 405 651 462 ll.
696 405 802 464 GAPVT
824 407 843 463 l.
1176 411 1237 473 119

21 573 22 576 ’
118 575 199 634 lines.
248 573 328 644 Quae
357 574 473 632 etiamsi
501 590 688 652 nequaquam
716 591 752 634 ex
782 575 862 634 omni
889 579 973 654 parte
995 577 1162 652 poterimus
1185 577 1235 638 ab·

119 675 249 744 solvere,
273 680 372 735 temen
394 692 583 754 nequaquam
606 675 744 735 omnibus
767 675 900 736 destituti
923 695 1026 736 sumus
1049 676 1180 747 auxiliis,
1205 685 1237 737 nt

21 769 22 778 ἶ
119 776 234 857 quihus·
248 785 367 856 praesto
395 778 453 837 sint
475 775 562 837 Plinii
584 776 745 855 descriptio
773 779 941 854 provinciae
971 796 1007 838 ex
1034 781 1108 858 ipsis
1129 772 1234 860 Agrip·

32 871 35 879 ’
118 897 171 958 pae
187 879 410 940 commentariis
426 878 595 958 desumpta,
620 878 741 947 Strabo,
765 878 855 948 Mela,
880 877 1080 950 Ptolemaeus,
1104 879 1234 960 lapidum

118 982 327 1060 inscriptorum
354 980 442 1049 tides,
477 986 611 1040 veterum
645 963 867 1042 itinerariorum
899 983 1072 1051 auctoritas,
1101 984 1233 1044 testimo·

118 1084 197 1143 nium
228 1083 358 1160 deniqne
387 1083 509 1142 notitiae
541 1083 760 1160 provinciarum
788 1080 912 1152 Galliae,
946 1101 1022 1162 quae
1056 1100 1234 1162 quamquam

119 1187 212 1262 quarti
235 1190 350 1246 tantum
373 1183 484 1244 saeculi
512 1185 638 1244 lormam
662 1183 796 1253 exhibet,
825 1190 924 1244 tamen
947 1184 983 1246 ad
1004 1187 1134 1264 priorem
1160 1203 1232 1263 quo·

118 1306 171 1366 que
200 1293 328 1347 aetatem
356 1304 416 1346 non
443 1285 553 1346 nullius
576 1287 719 1346 momenti
746 1292 800 1346 cst.
846 1286 927 1358 Quae
955 1289 1053 1347 omnia
1077 1289 1102 1348 si
1126 1287 1234 1348 auxilio

21 1379 22 1382 '
118 1389 302 1458 vocabimus,
331 1389 409 1448 inter
432 1405 464 1448 se
487 1386 740 1466 comparabimus,
771 1391 839 1448 cum
865 1387 991 1448 naturali
1018 1388 1152 1450 locorum
1176 1390 1233 1449 situ

21 1513 23 1516 ·
118 1497 145 1550 et
165 1489 320 1550 hodiernis
342 1489 519 1568 oppidorum
549 1489 719 1550 nominihus
746 1491 950 1559 conferemus,
981 1489 1147 1550 videbimus
1169 1491 1234 1550 lieri

117 1611 210 1670 posse,
236 1593 323 1652 utin
345 1589 502 1669 permultis
525 1590 644 1668 quidem
667 1591 890 1670 quaestionibus
912 1595 1025 1653 incerta
1045 1599 1163 1653 ¹tantum
1177 1611 1233 1653 nec
1288 1613 1291 1618 ¹

118 1695 171 1754 nisi
194 1695 385 1754 coniecturae
409 1692 536 1770 aliquam
559 1694 704 1772 speciem,
735 1693 787 1753 sed
815 1695 845 1752 in
868 1693 947 1754 haud
968 1695 1071 1774 paucis
1093 1694 1232 1774 probabi«

116 1795 224 1856 litatem
249 1794 408 1874 quandam,
429 1795 461 1855 in
483 1795 634 1855 nonnullis
658 1797 809 1864 veritatem
826 1813 975 1857 eruamus.

21 2061 23 2066 s
198 1998 286 2071 Quod
309 2016 385 2078 opus
408 1999 615 2076 aggredientes
638 2000 662 2059 si
685 2016 760 2076 quae
782 1998 890 2059 dehac
912 2017 945 2058 re
969 2004 1039 2058 ante
1053 2017 1107 2058 nos
1123 2000 1232 2077 scripta
1255 2064 1258 2067 ,

21 2105 22 2168 ξ
118 2107 196 2174 sunt,
229 2105 469 2180 perscrutamur,
500 2100 633 2184 videmus
663 2117 799 2178 magnam
828 2100 932 2161 adesse
954 2099 1099 2160 librorum
1122 2098 1232 2159 molem
1287 2132 1289 2136 ·

21 2277 22 2284 ἵ
118 2205 352 2282 conscriptorum
380 2200 417 2262 ab
440 2201 609 2264 hominibus
637 2200 784 2280 indigenis
813 2208 842 2262 et
870 2203 935 2262 eius
963 2202 1094 2279 regionis
1121 2202 1231 2278 gnaris
1319 2283 1324 2292 ἦ

21 2309 22 2380 j
118 2305 164 2381 qui
186 2305 249 2364 sive
274 2305 446 2364 universam
473 2306 655 2382 provinciam
684 2305 744 2365 sive
772 2303 887 2380 singula
914 2303 979 2365 loca
1006 2309 1165 2364 tractantes
1195 2303 1231 2364 de

117 2414 248 2467 veterum
270 2405 382 2467 Galliae
404 2405 608 2467 Narbonensis
636 2406 769 2467 locorum
793 2407 851 2466 situ
874 2413 1009 2484 egerunt.
1054 2405 1098 2466 Ex
1121 2405 1231 2482 quibus

116 2505 195 2568 libris
217 2505 296 2568 hane
324 2509 477 2568 scientiam
506 2507 632 2568 multum
660 2507 807 2569 commodi
835 2507 975 2568 habuisse
1003 2507 1131 2568 libenter
1157 2508 1229 2568 late-

116 2627 179 2669 mur
202 2616 232 2670 et
255 2611 391 2678 omnino,
424 2609 474 2670 uhi
496 2609 533 2669 de
555 2609 689 2669 locorum
712 2612 771 2670 situ
794 2611 946 2686 quaeritur
968 2617 1104 2671 accurate
1127 2609 1229 2669 desini-

22 2733 23 2736 *
118 2711 206 2782 endo,
235 2729 325 2772 nemo
347 2713 513 2789 negaverit,
542 2693 692 2772 neminem
721 2729 810 2790 posse
835 2717 919 2771 certo
945 2693 1078 2771 iudicare
1100 2711 1158 2770 nisi
1181 2712 1232 2787 qui

21 2883 22 2886 Ἴ
116 2811 192 2872 illam
221 2815 392 2891 regionem,
427 2812 523 2890 qualis
552 2813 639 2874 hodie
668 2819 727 2881 est,
763 2831 797 2872 ex
828 2814 908 2872 omni
937 2818 1020 2890 parte
1050 2813 1229 2889 cognoverit,

21 2929 23 2992 ᾖ
116 2913 241 2994 ideoque
263 2913 378 2975 homini
400 2923 512 2983 extero,
537 2917 587 2993 qui
610 2914 705 2976 obiter
728 2919 843 2974 tantum
865 2913 920 2973 hos
941 2917 1052 2974 tractus
1067 2912 1230 2992 perlustra·

117 3016 166 3084 rit,
195 3035 211 3076 a
240 3018 360 3096 propria
389 3019 529 3096 opinione
558 3035 624 3078 esse
651 3004 865 3078 abstinendum.
911 3017 1046 3075 Attamen
1070 3015 1095 3074 si
1115 3012 1229 3090 indige·

21 3119 22 3176 3
117 3133 167 3177 nae
188 3118 363 3197 scriptores,
387 3126 421 3178 ut
443 3118 521 3180 haud
543 3135 611 3179 raro
635 3119 674 3187 nt,
698 3120 775 3177 inter
797 3135 829 3176 se
845 3116 1023 3176 dissentiunt
1045 3116 1106 3175 sive
1128 3119 1230 3192 aperte
1265 3137 1267 3141 ·

21 3235 22 3304 j
116 3228 245 3280 veterum
269 3221 450 3298 scriptorum
475 3220 521 3280 vel
548 3221 774 3299 inscriptionum
804 3219 986 3286 testimonia,
1017 3235 1092 3296 quae
1116 3222 1145 3276 et
1166 3217 1255 3295 ipsa¹

117 3339 195 3380 suam
219 3337 346 3398 eamque
375 3320 453 3382 haud
481 3341 600 3400 parvam
628 3320 739 3381 habere
766 3319 875 3380 dehent
902 3319 1007 3388 iidem,
1037 3316 1230 3395 neglegentes

117 3439 149 3480 ex
171 3423 374 3484 monumentis
397 3422 504 3484 dubiae
525 3423 594 3484 tidei
624 3429 653 3483 et
680 3423 835 3483 nominum
859 3428 990 3482 veterum
1014 3428 1042 3481 et
1063 3421 1230 3480 recentium

21 3507 23 3592 Ξ
117 3523 239 3599 quadam
261 3526 339 3584 inter
368 3541 400 3584 se
422 3523 614 3585 similitudine
636 3524 674 3584 de
702 3523 847 3585 eiusmodi
868 3523 959 3585 rebus
986 3521 1130 3590 iudicant,
1160 3522 1230 3580 uni-

117 3625 220 3704 cnique
235 3624 323 3686 liceat
337 3643 397 3685 non
413 3625 479 3686 dico
495 3628 694 3688 coniecturam
710 3627 880 3687 coniectura
896 3631 1088 3693 commutare,
1104 3622 1134 3684 id
1150 3622 1230 3702 quod

116 3725 224 3788 nullius
246 3725 381 3788 utilitatis
404 3737 462 3796 est,
491 3727 543 3786 sed
571 3727 607 3789 ad
630 3727 876 3796 discernendum,
907 3725 977 3803 quid
1000 3725 1114 3787 admitti
1135 3725 1230 3804 possit

21 3881 23 3900 ‚
117 3827 183 3904 quid
204 3847 276 3898 non,
300 3846 354 3889 suo
378 3829 420 3888 uti
441 3828 560 3889 iudicio.
606 3829 708 3907 ltaque
730 3831 761 3890 in
783 3828 839 3890 hac
854 3833 935 3890 omni
957 3827 994 3888 de
1015 3827 1150 3894 locorum
1172 3827 1230 3887 sitn

117 3931 286 4004 quaestione
315 3930 588 3992 commodissimum
618 3931 688 4000 erit,
717 3929 770 3991 uhi
797 3931 981 3990 recentiores
1011 3925 1172 4006 geographi
1200 3933 1229 3986 et

115 4030 189 4090 inter
212 4050 245 4092 se
267 4033 458 4092 consentiunt
480 4049 578 4110 neque
600 4049 668 4090 cum
693 4031 840 4092 veteribus
863 4030 988 4091 testibus
1010 4033 1133 4096 certant,
1158 4029 1227 4087 sim·

116 4129 229 4207 pliciter
256 4133 408 4201 assentiri,
436 4133 488 4194 uhi
515 4133 706 4201 dissentiunt,
736 4134 761 4191 si
790 4138 904 4200 extant,
934 4149 971 4191 en
998 4130 1105 4207 quihus
1135 4129 1229 4206 possit

22 4253 23 4262 ¹
117 4228 283 4304 diiudicari,
321 4233 499 4304 diiudicare,
536 4235 561 4294 si
594 4252 655 4294 non
690 4240 811 4301 extant,
847 4234 942 4292 varias
975 4231 1080 4291 alierre
1112 4229 1227 4309 opinio-
1306 4275 1309 4284 .

21 4329 22 4362 r
116 4348 175 4393 nes.
227 4334 307 4394 lnter
336 4333 464 4395 Gallicos
492 4340 591 4396 autem
624 4335 784 4414 scriptores
817 4335 852 4403 ii,
889 4334 939 4410 qui
960 4331 1059 4414 {huius
1086 4332 1227 4392 scientiae
