3148 5160
516 439 600 498 rans
622 442 651 499 n.
695 405 852 500 carvin.
951 526 953 531 .
1174 449 1235 514 167

27 547 32 692 )
124 611 262 670 Antonius
282 611 400 670 Primus
422 607 588 672 Tolosanus
611 608 778 671 considaria
799 609 890 671 babet
911 609 1092 690 insignia33),
1121 613 1174 673 sed
1197 613 1233 674 ab
1322 643 1324 648 ·

27 697 29 770 l
93 780 100 802 ι
125 712 222 772 eodem
244 713 425 791 imperatore
448 711 479 773 G.
503 711 623 772 Fulvius
651 711 683 772 C.
707 711 726 772 l.
751 711 875 774 Voltinia
899 713 1000 792 Lupus
1022 714 1234 776 Nemausensis
1317 695 1319 699 ,

27 813 29 854 ²
126 814 194 894 (app.
218 833 246 874 n.
272 809 458 892 123),gestis
480 814 510 872 in
532 814 628 892 patria
650 813 870 891 magistratibus
892 815 1120 896 municipalibus
1141 818 1240 879 iacta.

125 933 176 992 que
202 916 304 976 militia
332 917 466 992 equestri
493 916 571 976 inter
593 917 760 995 praetorios
790 923 836 976 est
863 915 1001 988 allectus,
1029 918 1157 996 ideoque
1184 917 1233 980 hic

124 1033 233 1096 quoque
256 1017 463 1078 confirmatum
486 1016 593 1088 habes,
617 1018 698 1096 quod·
720 1018 881 1079 Suetonius
904 1018 988 1088 dicit,
1014 1038 1030 1080 a
1051 1019 1232 1100 Vespasiano

124 1119 356 1181 honestissimum
379 1137 527 1199 quemque
550 1119 721 1180 Italicorum
744 1126 773 1180 et
795 1119 1020 1198 provincialium
1041 1123 1073 1182 in
1095 1128 1232 1183 senatum

124 1239 182 1282 esse
203 1217 396 1299 allectum³⁴l
442 1221 544 1299 Neque
566 1219 664 1295 minus
686 1221 719 1281 L.
743 1221 899 1283 Aemilium
922 1222 959 1284 M.
984 1225 1003 1284 f.
1029 1221 1154 1284 Voltinia
1171 1223 1230 1284 Ho-

27 1363 29 1382 2
123 1319 250 1386 roratum
274 1324 356 1406 (app.
381 1342 411 1384 n.
437 1320 513 1401 102)
543 1329 573 1383 et
594 1325 629 1384 Τ.
654 1323 761 1384 lulium
785 1323 852 1384 Sex.
877 1324 897 1385 l.
922 1323 1049 1386 Voltinia
1071 1325 1231 1385 Maximum

124 1424 161 1504 (ιι.
184 1425 259 1505 104)
290 1425 329 1486 ob
356 1425 469 1487 tribum
498 1431 528 1484 et
561 1431 672 1486 statuas
701 1426 841 1487 Nemausi
872 1427 985 1506 positas
1012 1427 1232 1490 Nemausenses

27 1569 29 1594 ι,
122 1527 203 1588 luisse
224 1528 333 1589 indico.
379 1527 495 1600 Quibus
517 1526 663 1588 accedunt
686 1546 721 1586 ex
744 1527 883 1590 Narbone
899 1529 1010 1591 ,Martio
1033 1528 1065 1590 L.
1089 1529 1231 1590 Aemilius

27 1621 29 1640 ³
122 1629 227 1708 Papiria
249 1632 383 1692 brennus
406 1629 461 1690 sub
484 1630 665 1708 imperatore
688 1629 837 1690 Hadriano
862 1631 900 1712 (ιι.
925 1629 986 1708 17),
1010 1649 1081 1692 avus
1103 1632 1232 1692 tortasse

122 1731 218 1792 Arcani
238 1731 333 1801 illius,
364 1733 415 1808 qui
442 1730 584 1792 Martialis
613 1737 720 1810 poetae
744 1738 808 1792 erat
830 1729 1019 1812 amicus³⁴⁸),
1051 1749 1087 1794 ex
1108 1731 1229 1820 Tolosa·

27 1841 29 1904 j
121 1833 161 1892 nis
181 1833 212 1904 Q.
235 1832 406 1905 Trebellius
429 1833 463 1904 Q.
488 1833 508 1892 l.
533 1833 628 1894 Rulns
654 1833 692 1914 (n.
718 1831 804 1912 295),
830 1851 866 1892 ex
882 1835 1102 1896 Viennensibus
1125 1835 1155 1895 C.
1174 1835 1229 1894 Va·

27 1949 29 2006 i
122 1931 204 1994 lerius
225 1935 255 1996 G.
280 1935 301 1996 l.
325 1935 453 1996 Voltinia
474 1933 596 1995 Macedo
621 1935 659 2016 (ιι.
685 1933 771 2013 512),
802 1937 851 1995 cui
878 1936 1041 2014 imperator
1062 1935 1230 1996 Hadrianus

27 2011 29 2080 l
121 2033 202 2102 latum
230 2036 346 2098 clavum
379 2055 447 2096 enm
482 2042 643 2114 quaestura
672 2036 786 2097 urbana
815 2035 937 2106 obtulit,
967 2055 1056 2116 quem
1084 2035 1229 2098 honorem

27 2151 29 2224 ζ
121 2135 200 2198 homo
221 2136 412 2218 provincialis
435 2140 597 2207 recusavit;
622 2139 694 2216 quin
718 2139 806 2199 etiarn
829 2145 866 2198 ex
881 2137 1004 2216 reliquis
1019 2137 1229 2215 Allobrogibus

120 2247 302 2301 monumento
337 2239 505 2301 celebratur
545 2241 646 2301 neseio
681 2241 764 2317 quis,
802 2242 854 2320 qui
890 2239 1027 2302 omnibus
1064 2238 1229 2301 honoribus

27 2329 29 2392 l
121 2339 238 2404 Viennae
260 2344 381 2403 functus
403 2343 434 2402 in
456 2340 671 2420 amplissimum
700 2341 837 2402 ordinem
864 2340 1000 2420 allegitur
1023 2348 1170 2419 eiusque
1193 2341 1229 2402 ad

119 2445 258 2519 praetoria
282 2462 407 2505 munera
429 2445 565 2522 pervenit
589 2443 628 2522 (n.
653 2445 735 2522 572).
787 2443 911 2505 Videtur
933 2443 1112 2504 adiciendus
1140 2445 1229 2504 etiarn

119 2541 277 2606 Trebonius
300 2545 394 2607 Rnlus
417 2545 480 2616 ille,
511 2562 599 2623 quern
627 2545 740 2606 Plinius
771 2543 871 2625 (epist.
897 2552 930 2616 4,
954 2543 1009 2626 22)
1039 2547 1169 2608 Viennae
1197 2547 1228 2605 in

113 2627 297 2712 ¹duumviratu
319 2666 373 2708 suo
402 2649 572 2727 gymnicum
594 2664 688 2724 agona
712 2645 866 2708 sustulisse
893 2649 997 2709 relert.
1042 2648 1136 2719 Quem
1159 2665 1228 2707 eum
1297 2708 1300 2712 .

27 2741 29 2832 l
119 2746 221 2810 Plinius
242 2752 342 2810 virum
364 2751 518 2826 egregium
541 2749 618 2810 dieat
640 2749 756 2827 sibique
779 2751 915 2818 amicum,
940 2751 990 2827 qui
1005 2768 1143 2810 caussam·
1164 2751 1228 2828 ipse

27 2833 29 2886 ²
120 2852 204 2925 egerit
225 2870 326 2913 coram
349 2851 472 2911 consilio
494 2852 647 2930 principis,
663 2843 732 2913 ¹non
748 2850 837 2910 homo
855 2869 938 2911 mere
953 2849 1150 2930 municipalis¹
1175 2849 1227 2910 sed

119 2955 250 3014 senatorii
272 2952 385 3013 ordinis
407 2952 524 3014 videtur
547 2955 647 3035 luisse.

193 3055 229 3115 Et
251 3053 355 3116 eadem
379 3053 493 3114 colonia
514 3056 635 3125 Vienna,
660 3073 736 3135 quae
758 3055 871 3132 primos
894 3055 924 3112 in
948 3053 1059 3113 curiam
1082 3052 1227 3114 urbanam

118 3155 232 3216 contulit
253 3162 408 3217 senatores
418 3189 441 3226 ,·
455 3155 534 3218 haud
552 3153 652 3234 'longe
675 3160 742 3216 ante
765 3153 879 3216 Claudii
900 3153 979 3215 illam
1003 3156 1167 3215 orationem
1190 3153 1225 3213 ad

118 3258 255 3317 summurn
279 3258 331 3334 qui
352 3258 526 3336 provinciali
549 3258 658 3338 oppido
682 3259 856 3334 contingere
884 3262 1002 3335 poterat
1029 3258 1102 3317 iuris
1132 3262 1161 3316 et
1183 3256 1225 3315 di·

117 3358 226 3431 gnitatis
248 3359 374 3437 gradum
397 3362 536 3429 accessit,
567 3359 603 3421 ad
624 3362 671 3420 ius
694 3358 837 3420 Italicum.
883 3358 994 3419 Verum
1024 3365 1083 3428 est,
1114 3364 1142 3418 et
1164 3361 1225 3436 pri·

117 3473 190 3518 mum
212 3468 242 3520 et
264 3461 361 3522 solum
376 3460 520 3530 Paullum,
546 3459 744 3522 clarissimum
767 3461 822 3522 sub
839 3461 949 3521 Severo
964 3459 1132 3521 Alexandro
1153 3461 1226 3520 iuris

117 3567 268 3632 auctorem,
294 3565 506 3625 Viennensium
527 3564 602 3623 iuris
625 3562 797 3642 Italici'ipso
822 3564 912 3623 verbo
934 3569 1022 3622 tenus
1044 3564 1226 3622 mentionem

116 3658 264 3742 lacere³⁵);
297 3671 326 3725 at
351 3667 410 3726 iam
437 3667 468 3724 in
497 3683 557 3724 uno
580 3664 758 3726 Claudianae
785 3666 927 3737 orationis
954 3664 1020 3724 loco
1048 3664 1126 3725 idern
1154 3649 1227 3724 milri

116 3761 223 3824 videtur
245 3764 348 3828 latere.
394 3765 469 3826 Dicit
491 3762 690 3844 Claudius³⁶l,
721 3773 878 3844 postquam
908 3767 1148 3828 commemoravit
1175 3784 1224 3824 co-

118 3895 410 3910 Ἣ

91 4007 93 4012 ,
152 4021 155 4029 .
175 3967 216 4028 33)
234 3968 302 4022 Teo.
321 3968 384 4018 hist.
402 3969 431 4031 4,
449 3971 474 4019 4.

175 4050 217 4114 34)
237 4052 312 4102 Suet.
330 4053 414 4117 Vesp.
434 4055 460 4104 9.

176 4135 240 4199 34a)
260 4135 385 4188 Martiel.
404 4137 561 4201 epigramm·
582 4141 606 4196 8,
626 4139 658 4186 72
677 4142 705 4187 et
722 4136 796 4185 infra
814 4140 871 4190 not.
889 4139 942 4188 97(

177 4217 218 4282 35)
237 4221 270 4272 L.
290 4222 306 4270 8
324 4222 347 4281 §.
368 4223 381 4269 1
405 4221 470 4285 Dig.
490 4221 523 4270 de
543 4222 672 4271 censibus
693 4219 754 4284 (50,
774 4220 838 4284 lblt
857 4221 1040 4284 andnnensee
1063 4219 1141 4278 Gelli,
1166 4220 1224 4268 item

119 4298 267 4353 Viennenses
279 4307 306 4354 tn
318 4305 481 4355 Narbonensi
491 4307 556 4356 iuris
569 4306 656 4354 Italici
666 4311 732 4355 eunt.

176 4385 217 4450 36)
237 4389 306 4439 Tab.
326 4387 433 4454 Lugud.
454 4389 504 4441 col.
524 4391 561 4440 ΙΙ.
579 4405 623 4440 vv.
642 4391 748 4439 15-17.
