3184 5162
273 493 294 526 a
321 459 363 520 62
718 455 802 514 PARS
824 456 843 512 l.
886 455 992 512 ctrvr
1014 455 1033 512 l.

322 623 392 686 alias
415 639 534 702 quoque
550 621 677 686 Gallicas
691 621 920 702 Ligustinasque
934 617 1122 700 unates.⁵⁸)
1167 621 1204 684 Et
1225 623 1357 701 primum
1370 623 1442 702 qui·

317 725 390 794 ,dem
411 725 610 804 Tectosagum
632 724 828 786 rebellionem
849 723 959 786 Marius
980 741 1035 804 per
1050 723 1173 794 Sullam,
1197 741 1286 801 quem
1307 723 1442 802 legatum

319 829 352 890 in
375 827 468 890 Gallia
490 845 610 907 quoquo
632 825 774 897 habebat,
802 844 953 888 armorum
982 828 1011 886 vi
1033 828 1175 896 coercuit,
1198 824 1317 886 hostilia
1338 833 1442 888 autem

233 941 236 948 ’
322 927 474 991 Gallorum
502 929 625 992 consilia
651 928 817 1008 prudenter
844 929 1012 1008 praevenit,
1046 927 1175 1005 denique
1202 945 1257 1006 per
1285 925 1442 989 biennium

322 1033 451 1096 maximo
474 1050 566 1112 opere
588 1031 618 1092 id
642 1032 715 1110 egit,
745 1037 779 1092 ut
805 1029 897 1092 ahum
920 1046 1008 1107 quam
1031 1029 1124 1090 Cassii
1147 1035 1176 1090 et
1197 1029 1360 1108 Caepiones
1383 1029 1442 1088 mi·

320 1131 404 1194 litem
426 1133 462 1194 ad
484 1135 690 1195 imminentem
718 1149 850 1212 pugnam
877 1131 934 1196 sibi
960 1133 1113 1194 formaret.
1157 1131 1222 1204 Quo
1251 1130 1340 1192 modo
1369 1148 1441 1190 erun

323 1235 466 1313 quidquid
494 1235 595 1298 auxilii
620 1238 652 1298 in
684 1236 836 1315 provincia
872 1242 901 1296 et
936 1236 1089 1314 copiarum
1121 1235 1249 1303 invenit,
1284 1232 1321 1292 ad
1350 1251 1443 1294 suum

322 1355 410 1398 usum
432 1339 586 1406 traxisset,
616 1343 645 1398 et
667 1337 852 1417 apportando
878 1336 1063 1398 commodius
1086 1342 1252 1398 commeatu
1275 1336 1356 1395 lossa
1376 1334 1441 1404 illa,

322 1456 397 1517 quae
421 1438 584 1501 faciliorem
606 1457 622 1500 a
645 1441 721 1500 mari
742 1441 772 1500 in
787 1438 964 1500 Rhodanum
983 1440 1139 1500 introitum
1154 1434 1341 1515 efficerer),
1364 1456 1440 1517 pro-

322 1543 484 1621 spexisset,
515 1543 546 1602 in
576 1541 696 1602 sinistra
718 1539 854 1602 Rhodani
883 1547 948 1602 tuto
978 1541 1146 1602 consistens
1175 1539 1360 1602 confidenter
1382 1537 1441 1598 ho·

321 1645 409 1704 stium
434 1645 550 1720 agmina
572 1642 609 1703 ad
623 1642 741 1722 Alpium
756 1642 873 1704 radices
894 1634 1079 1722 expectabat,
1102 1641 1202 1706 ltaliae
1225 1641 1321 1702 aditus
1343 1639 1380 1710 ab
1400 1642 1442 1700 iis

321 1740 555 1824 defensurus.⁶⁰)

405 1847 487 1918 Quae
510 1846 580 1907 dum
602 1847 713 1908 Marius
735 1846 771 1908 ad
792 1845 969 1910 Rhodanum
992 1856 1193 1927 praepararat,
1216 1847 1330 1908 reversi
1352 1852 1443 1906 crant

321 1947 432 2010 Cimbri
460 1967 495 2008 ex
526 1950 667 2028 Hispania
693 1967 771 2010 anno
795 1954 869 2019 103,
899 1967 997 2029 neque
1024 1967 1095 2011 vero
1125 1950 1224 2010 statim
1254 1948 1441 2028 provinciam

319 2050 483 2112 Romanam
510 2053 672 2130 petierant,
703 2050 755 2112 sed
781 2069 837 2130 per
864 2050 1037 2112 ulteriorem
1068 2050 1191 2112 Galliam
1219 2055 1303 2112 erant
1329 2050 1440 2125 vagati,

318 2151 434 2229 ibique,
471 2172 538 2213 cum
574 2154 822 2231 consanguineam
852 2151 1064 2214 Teutonorum
1090 2159 1210 2230 gentem
1242 2152 1440 2219 invenissent,

319 2272 388 2314 cum
411 2253 457 2315 his
479 2254 515 2315 de
538 2254 619 2315 ltalia
643 2272 658 2314 a
681 2253 796 2314 duabus
817 2254 953 2332 partibus
974 2254 1140 2319 invadenda
1161 2256 1202 2316 ita
1225 2258 1439 2321 convenerant,

319 2362 352 2416 ut
371 2356 430 2433 ipsi
452 2361 534 2415 trans
556 2354 694 2416 Rhenum
716 2357 848 2434 regressi
869 2358 900 2417 in
922 2356 1045 2420 Galliam
1061 2355 1302 2436 Transpadauam
1324 2356 1440 2414 irrum-

318 2461 433 2534 perent,
458 2454 586 2516 Teutoni
608 2474 662 2535 per
684 2458 865 2534 provinciam
881 2458 1044 2520 Romanam
1067 2465 1097 2518 et
1112 2459 1269 2522 Graiarum
1291 2457 1351 2516 sive
1374 2455 1440 2516 lda-

318 2558 485 2617 ritimarum
518 2555 635 2635 Alpium
668 2558 771 2635 iugum
804 2560 880 2620 viam
913 2561 943 2621 in
974 2560 1088 2622 ltaliam
1122 2561 1264 2621 lacerent.
1274 2553 1310 2635 61)
1361 2556 1440 2617 Inde

318 2675 395 2735 quae
422 2659 576 2718 evenerint
603 2676 669 2719 cum
698 2661 776 2721 inter
804 2679 908 2722 omnes
937 2664 996 2725 sint
1024 2663 1141 2740 cognita
1172 2666 1202 2720 et
1229 2658 1266 2720 ab
1293 2657 1439 2718 historiae

275 2821 276 2824 ,
317 2759 468 2820 Romanae
491 2761 687 2840 scriptoribus
710 2763 779 2822 satis
803 2762 883 2841 large
907 2772 1053 2833 enarrata,
1077 2781 1222 2828 summam
1237 2779 1340 2822 rerum
1363 2761 1439 2820 satis

317 2861 366 2922 hic
393 2861 569 2924 habebimus
603 2862 706 2923 leviter
739 2865 880 2941 attigisse.
931 2864 1114 2926 Invenerunt
1146 2864 1272 2925 Marium
1306 2861 1440 2923 'lantoni

316 2963 444 3026 fortibus
474 2966 579 3026 castris
606 2967 754 3027 munitum
780 2967 862 3027 iuxta
888 2966 987 3030 isarae
1009 2965 1203 3043 Rhodanique
1230 2963 1437 3032 confluentes;

318 3065 368 3126 ubi
389 3074 547 3145 postquam
570 3068 680 3128 frustra
701 3067 910 3147 pertriduum
934 3070 1011 3130 circa
1035 3069 1237 3128 Romanorum
1259 3069 1356 3126 castra
1377 3083 1437 3143 pu·

316 3175 458 3244 gnorunt,
488 3176 607 3247 praeter
635 3168 803 3230 immobiles
829 3169 981 3232 Romanos
1008 3169 1096 3247 longa
1122 3169 1241 3247 agmina
1268 3186 1321 3228 sua
1344 3185 1437 3244 prae

315 3267 504 3329 tervehentes
532 3268 700 3348 procedunt
730 3288 825 3348 usque
854 3272 890 3334 ad
917 3273 1053 3334 viciniam
1078 3272 1228 3350 dqrrarum
1251 3269 1438 3330 Sextiarum.

315 3368 361 3429 lbi
383 3387 450 3430 cum
472 3368 604 3448 paullum
628 3373 839 3443 constitissent,
864 3374 984 3443 Marius,
1009 3375 1060 3451 qui
1078 3373 1200 3450 vestigia
1214 3370 1345 3432 hostium
1361 3387 1438 3430 con-

316 3471 398 3530 tinuo
431 3471 548 3548 agmine
581 3480 749 3550 presserat,
789 3476 976 3556 supervenit,
1014 3474 1115 3538 hostes
1151 3475 1275 3538 retinuit
1312 3479 1341 3536 ct
1376 3489 1439 3550 pu-

383 3726 431 3788 58)
455 3727 580 3777 Frontin.
604 3725 768 3793 Strategem
790 3731 815 3790 1,
835 3732 863 3789 2,
883 3731 912 3781 6:
936 3730 963 3780 G.
989 3729 1090 3780 Mariae
1113 3745 1164 3782 coa.
1183 3727 1248 3779 bello
1267 3727 1392 3778 Cimbrico
1413 3737 1442 3780 et

318 3808 454 3861 l'entoaico
467 3813 504 3860 acl
514 3814 690 3862 excutiendam
704 3813 875 3864 Gallorum‘et
886 3814 1007 3879 Liguriam
1019 3815 1096 3878 fidem
1112 3815 1261 3864 litteraseie
1272 3815 1353 3872 misit,
1373 3831 1444 3878 qua-

313 3911 368 3944 ram
379 3911 443 3960 pars
452 3897 529 3960 prior
538 3896 728 3960 praecipiebat,
742 3913 773 3946 oe
785 3901 922 3949 interiores
939 3915 1003 3964 qnae
1019 3899 1202 3963 praesignatae
1214 3903 1290 3948 erant
1302 3902 1364 3946 ante
1377 3914 1443 3949 cer·

315 3988 364 4030 tum
385 3987 482 4045 tempas
504 3983 683 4046 operarentur:
705 3984 806 4031 easdem
825 3990 917 4047 postea
934 3989 993 4033 nate
1007 3985 1186 4046 praestitutam
1202 3983 1269 4032 diem
1285 3984 1396 4045 repetiit
1416 3993 1446 4036 et

314 4066 373 4130 qaia
384 4059 529 4130 resignatas
540 4056 691 4132 repererat,
705 4067 831 4116 intellercit
843 4067 944 4117 hostilia
955 4069 1058 4131 agitari.

382 4150 425 4215 59)
460 4151 503 4200 De
534 4150 611 4200 fossa
642 4149 772 4200 Mariana
808 4151 859 4200 cfr.
882 4149 1009 4202 strabon.
1027 4151 1075 4202 IV.
1103 4165 1129 4214 p.
1154 4152 1215 4200 183.
1249 4149 1327 4200 Melo
1352 4154 1386 4215 2,
1415 4159 1445 4207 5.

248 4253 254 4260 ·
308 4233 603 4288 ·Plutarch.Mar.15.
730 4275 732 4282 ,

381 4317 425 4384 60)
443 4319 517 4369 Plnt.
537 4321 606 4371 Mar.
625 4321 656 4370 15
675 4335 736 4384 sqq.

381 4401 424 4465 61)
443 4402 501 4456 Cir.
518 4403 682 4465 Mommsen,
700 4403 794 4452 Roem.
815 4401 914 4454 Gesch.
934 4405 962 4465 2,
982 4404 1040 4456 181.
