3154 5162
321 485 361 546 88
714 477 797 535 PARS
819 479 837 533 l.
882 478 989 534 CAPV'l
1011 479 1040 532 ll.

320 665 511 709 nunnnorurn
540 644 660 706 illorum
688 646 936 706 Nemausensium
966 646 1134 722 frequentia
1162 648 1355 724 perspicuum
1386 652 1440 715 est,

322 748 506 810 intellexisse
530 767 564 808 ea
587 748 709 828 oppida,
734 746 919 808 commodius
941 766 1022 817 esse,
1045 749 1134 808 unius
1157 748 1257 826 oppidi
1272 747 1440 826 provincia·

322 850 357 912 lis
381 869 519 912 nummos
542 869 597 931 pro
621 847 829 912 communibus
850 851 985 928 recipere
1001 867 1090 928 quem
1106 851 1244 928 proprios
1265 852 1297 910 in
1320 865 1441 926 quoquc

322 952 431 1033 oppido
454 954 581 1030 signare.
606 987 648 997 -
670 951 804 1028 lienique
826 953 904 1011 inira
927 952 965 1032 (p.
983 949 1033 1030 94)
1057 950 1237 1022 videbimus,
1262 969 1299 1012 ex
1315 949 1441 1012 Strabo·

321 1056 368 1116 nis
391 1054 519 1132 quodam
543 1053 608 1114 loeo
633 1053 687 1133 (lV.
713 1071 740 1131 p.
760 1052 830 1132 203)
855 1072 1013 1132 apparere,
1037 1053 1163 1132 Ligures
1182 1053 1304 1133 Alpibus
1327 1054 1441 1114 vicinos

322 1157 531 1236 stipendiarios
561 1175 576 1216 a
605 1156 730 1216 Caesare
760 1173 825 1216 esse
854 1155 988 1224 relictos;
1020 1164 1048 1217 at
1078 1174 1180 1217 eorum
1210 1173 1352 1216 numerus
1380 1173 1441 1214 non

320 1259 418 1338 potuit
439 1276 500 1318 non
523 1259 647 1336 exiguus
670 1275 750 1328 esse,
781 1275 848 1318 cum
870 1260 901 1318 in
925 1258 1026 1318 eedem
1050 1259 1173 1336 regione
1200 1257 1308 1337 oppida
1331 1258 1441 1317 civium

251 1413 257 1418 .
323 1367 352 1420 et
373 1359 546 1420 Latinorum
570 1366 599 1419 et
617 1359 819 1421 Romanorum
842 1358 929 1438 longe
952 1358 1164 1440 praevalerent.
1203 1359 1347 1436 Ligurum
1371 1377 1441 1418 vero

323 1460 458 1522 condicio
479 1461 604 1522 interior
630 1461 700 1521 inde
729 1461 813 1522 laeile
836 1460 1014 1542 explicatur,
1044 1462 1123 1540 quod
1145 1470 1209 1523 tum
1230 1464 1329 1522 minus
1352 1477 1442 1538 quam

322 1563 437 1640 reliqua
466 1565 617 1642 provincia
648 1569 733 1623 erant
759 1567 864 1642 pacati.

407 1666 578 1725 Amiserunt
596 1681 667 1741 ergo
686 1665 883 1726 Massilienses
903 1666 1037 1728 Caesaris
1060 1666 1213 1727 dictatoris
1235 1665 1357 1728 decreto
1373 1683 1442 1728 cum

324 1782 518 1843 quaecunque
542 1768 572 1826 in
589 1768 725 1827 interiori
741 1773 820 1828 terra
836 1769 1040 1847 possederant,
1064 1776 1127 1828 tum
1150 1787 1186 1830 ex
1202 1769 1359 1829 maritimis
1382 1775 1441 1829 sta-

322 1866 454 1929 tionibus
476 1867 636 1946 Antipolim
663 1877 691 1928 et
713 1869 870 1946 Agatham,
895 1889 930 1930 ex
954 1870 1061 1947 quibus
1082 1869 1162 1930 illam
1185 1870 1312 1931 vidimus
1333 1870 1442 1930 iactam

324 1987 390 2029 esse
412 1967 607 2048 Latinam30),
637 1971 779 2048 Agatbam
809 1979 908 2034 autem
936 1971 1064 2041 Plinius,
1089 1990 1156 2032 cum
1185 1971 1263 2032 dicat
1291 1973 1442 2046 quondam

323 2071 416 2132 luisse
438 2071 682 2140 Massiliensium,
707 2076 846 2152 exprimit
868 2091 921 2134 sua
936 2070 1030 2134 aetate
1053 2091 1113 2134 non
1135 2075 1192 2156 iam
1211 2075 1318 2143 luisse,
1342 2090 1442 2150 neque

324 2191 394 2233 vero
411 2173 499 2234 adicit
517 2176 565 2234 cui
585 2173 634 2235 alii
650 2173 715 2235 loco
732 2177 771 2236 sit
786 2175 936 2236 attributa.
976 2176 1084 2236 Contra
1100 2174 1221 2236 relictae
1236 2183 1305 2236 sunt
1320 2176 1442 2237 Graecis

324 2275 512 2350 Athenopolis
535 2282 563 2336 et
578 2277 706 2344 Nicueo;
732 2295 859 2354 namque
875 2277 948 2338 illud
963 2277 1076 2338 Plinius
1100 2277 1274 2356 simpliciter
1296 2277 1371 2338 dicit
1389 2296 1442 2356 op·

324 2376 427 2455 pidum
449 2375 692 2447 Massiliensium,
717 2397 771 2439 suo
798 2386 933 2458 ternpore
959 2382 990 2438 in
1012 2378 1067 2440 hac
1090 2379 1264 2440 condicione
1292 2379 1323 2439 id
1348 2379 1443 2440 luisse

323 2483 502 2546 testaturuS,
531 2478 668 2539 Nicaeam
697 2486 810 2550 autem,
842 2499 1021 2558 quamquem
1049 2481 1106 2542 loci
1134 2483 1248 2542 ratione
1274 2480 1445 2560 pertinebat

324 2577 359 2638 od
395 2576 522 2648 ltaliam,
553 2579 659 2640 Strabo
688 2587 814 2642 testatur
843 2602 895 2644 sua
912 2589 1007 2643 aetate
1035 2585 1066 2643 in
1094 2582 1321 2644 Massiliensium
1350 2584 1443 2643 luisse

324 2686 479 2759 potestate.
517 2681 676 2743 Praeterea
700 2702 735 2743 cx
757 2684 862 2744 insulis
877 2685 1056 2746 Stoechades
1074 2684 1192 2762 quidem
1216 2683 1370 2745 Strabonis
1394 2703 1442 2744 ae·

324 2778 427 2860 tate37)
457 2790 485 2842 et
513 2785 595 2863 ipsae
625 2793 709 2846 erant
735 2786 977 2856 Massiliensium,
1007 2771 1109 2848 contra
1131 2788 1276 2846 Planesia
1306 2794 1335 2846 et
1355 2787 1442 2856 Lero,

324 2882 376 2944 ubi
404 2884 482 2944 idem
512 2886 619 2948 Strabo
648 2887 719 2948 dicit
741 2890 915 2950 constitutas
949 2907 1013 2950 esse
1041 2884 1272 2967 adventare),
1307 2895 1444 2950 utrorum
1479 2877 1482 2882 ¹

323 2989 434 3048 luerint
456 2991 608 3057 stationes,
632 2989 861 3050 Massiliensium
884 3009 921 3050 an
937 2989 1148 3060 Romanorum,
1171 2992 1319 3051 incertum
1342 2987 1442 3068 est.³⁹)

408 3089 559 3151 Habemus
580 3093 671 3168 igitur
692 3092 750 3152 iam
773 3109 834 3152 non
857 3090 952 3152 solum
982 3111 1100 3153 ornnem
1128 3093 1192 3153 fere
1221 3110 1305 3153 oram
1328 3094 1443 3152 mariti-

324 3209 417 3259 mam,
449 3191 500 3252 sed
530 3194 617 3252 etiam
646 3194 797 3253 interioris
827 3201 924 3254 terrae
952 3201 1067 3274 partem
1093 3194 1171 3256 haud
1194 3192 1445 3256 contemnendam

325 3294 411 3353 annis
435 3295 476 3357 46
499 3299 528 3351 et
551 3299 589 3358 45
613 3293 717 3355 ordine
740 3313 865 3374 prorsus
892 3314 968 3357 novo
994 3298 1193 3359 constitutam.
1240 3294 1324 3357 Unde
1348 3297 1374 3356 si
1397 3315 1444 3356 se-

324 3395 526 3472 ptentrionem
548 3413 651 3454 versus
673 3396 883 3474 progredimur
906 3397 1039 3458 Caesaris
1067 3400 1190 3476 vestigia
1213 3403 1400 3476 prementes,
1428 3417 1445 3456 a
1538 3440 1544 3446 -

320 3496 446 3554 sinistra
470 3494 587 3572 quidem
611 3495 762 3567 Rhodani,
792 3499 843 3560 ubi
867 3498 903 3558 de
925 3499 1076 3560 montibus
1099 3497 1296 3562 Salluviorum
1318 3497 1444 3560 descen·

326 3595 435 3665 dimus,
464 3598 593 3674 primum
620 3599 778 3660 incidimus
806 3600 1021 3678 inoppidum,
1055 3601 1133 3678 qnod
1168 3621 1184 3662 a
1212 3600 1307 3662 Plinio
1335 3599 1448 3661 dicitur

392 3831 437 3896 36)
455 3832 531 3883 Idem
555 3835 681 3898 exprimit
705 3833 849 3886 Strabonis
872 3835 941 3886 illud
965 3836 1026 3900 (IV.
1050 3854 1076 3902 p.
1096 3837 1175 3900 little
1198 3827 1216 3902 ἦ
1240 3828 1269 3888 δ’
1289 3828 1447 3898 ’eluctantes

324 3914 380 3966 τῶν
394 3905 591 3969 ’restruerem
609 3910 777 3984 ἐξετάζεται,
797 3936 848 3984 quo
867 3937 921 3971 non
941 3922 1097 3972 continetur
1114 3923 1214 3972 Italiae
1234 3923 1447 3973 adnumeratam

325 4017 386 4052 esse
404 4002 564 4067 Antipolim,
584 4003 633 4053 sed
651 4002 777 4054 Graecae
796 4007 899 4072 origini
917 4006 997 4071 quasi
1021 4010 1177 4071 exemptam
1200 4010 1228 4058 et
1246 4006 1345 4058 Italico
1364 4007 1447 4058 modo

326 4101 387 4136 esse
408 4089 596 4141 constitutam.

392 4171 436 4233 37)
456 4172 554 4223 Strabo
572 4171 619 4224 IV.
641 4173 689 4224 184
707 4190 747 4240 sq.

393 4253 437 4321 38)
455 4255 526 4307 Ibid.
545 4259 591 4311 IV.
613 4259 661 4310 185
679 4259 742 4309 init.

393 4339 436 4403 39)
463 4341 541 4402 Quae
561 4343 589 4392 in
607 4342 698 4393 insula
716 4344 824 4394 Lerone
844 4348 921 4394 extet
943 4345 1087 4411 inscriptio
1107 4345 1239 4410 bilinguis
1257 4347 1451 4410 procuratoris

325 4422 444 4492 Augusti
462 4424 536 4491 (app.
556 4429 643 4493 epigr.
662 4443 687 4479 n.
707 4426 768 4494 316)
786 4427 856 4478 nihil
873 4430 981 4494 probat.
