3148 5160
572 496 655 554 PARS
678 496 707 553 ll.
746 497 858 552 tnrvr
880 497 911 552 ll.
1238 500 1296 563 171

176 663 288 722 coierit
311 667 340 722 et
363 681 430 722 cum
452 661 525 723 alios
548 662 718 723 sacerdotes
742 669 803 724 turn
827 680 955 740 augures
978 663 1034 725 sibi
1057 663 1189 742 elegerit.
1229 665 1296 724 Lin-

175 781 270 842 guam
293 765 396 840 utiqne
419 765 562 826 Graecam
585 763 774 842 Graecosque
798 783 915 834 mores,
940 765 1048 842 quibus
1070 765 1299 847 subprioribus

174 865 412 945 imperatoribus
434 867 556 928 iuvenes
578 865 703 928 Romani
733 867 770 928 ad
799 886 864 928 eam
886 867 993 944 urbem
1017 875 1102 928 erant
1124 865 1298 946 adducti42),

175 969 366 1047 quinetiam
395 967 522 1030 Graecas
549 968 631 1046 leges
665 968 837 1046 Graecaque
864 968 982 1048 publica
1010 970 1144 1030 instituta
1174 972 1300 1048 viguisse

175 1068 327 1130 Massiliae
349 1086 445 1147 usque
466 1070 503 1132 ad
524 1070 719 1132 barbararum
742 1073 875 1149 gentium
891 1072 1093 1161 invasionem,
1117 1078 1241 1151 apparet
1264 1090 1300 1132 ex

177 1190 234 1242 eo,
264 1172 342 1248 quod
364 1171 504 1250 agathias
535 1172 621 1233 affert
649 1175 725 1234 sexti
752 1193 781 1252 p.
811 1173 861 1234 Cb.
893 1172 1003 1233 saeculi
1030 1170 1212 1253 scriptunlssl
1256 1174 1299 1234 Eo

176 1279 279 1334 autem
303 1279 391 1344 statu,
415 1276 511 1352 quem'
528 1271 671 1354 πάτριον
693 1271 866 1336 πολιτείαν
888 1274 1027 1352 agathias
1050 1275 1186 1354 appellat,
1211 1277 1310 1363 etiam

174 1382 251 1454 post
283 1375 507 1439 Constantinum
546 1383 678 1438 veterem
713 1377 882 1439 libertatern
920 1378 1196 1454 immunitatemque
1234 1395 1300 1439 esse

176 1476 444 1556 comprehensam,
468 1497 528 1539 non
550 1480 645 1558 possit
667 1475 863 1557 allirmari.⁴4)

266 1579 370 1640 Omnia
393 1580 515 1660 oppida,
540 1582 601 1641 sive
624 1579 756 1641 coloniae
779 1581 887 1642 civium
907 1580 1109 1642 Romanorum
1133 1588 1217 1642 erant
1240 1583 1300 1642 sive

177 1681 357 1742 Latinorum
380 1683 447 1754 aive,
463 1683 616 1743 foederata
639 1683 699 1742 sive
722 1681 815 1743 libera
839 1689 868 1744 et
889 1685 1041 1753 immunia,
1065 1682 1213 1762 quoddam
1237 1685 1301 1761 agri

174 1785 364 1845 territorium
388 1784 515 1844 vidimus
538 1782 679 1845 habuisse
701 1785 731 1846 in
755 1801 850 1862 eoque
873 1785 936 1846 loca
961 1787 1075 1846 minora
1098 1784 1134 1846 ab
1157 1787 1223 1864 ipso
1247 1804 1298 1864 op·

174 1885 251 1966 pido
272 1885 442 1965 pendentia.
487 1885 567 1946 Haec
589 1884 670 1955 loca,
695 1903 770 1963 quae
792 1887 906 1947 Plinius
928 1886 1061 1964 generali
1082 1885 1225 1947 vocabulo
1249 1906 1299 1966 ap-

100 2063 106 2074 ,
173 1985 271 2068 pellat
304 1987 411 2066 oppida
450 1986 605 2056 attributa,
638 1989 668 2047 in
702 1987 785 2048 Italia
818 1988 936 2064 quidem
972 1987 1097 2048 diversis
1129 1987 1300 2050 nominibus

174 2086 368 2168 appellantur
389 2090 468 2159 lora,
491 2089 700 2158 conciliabula,
725 2087 858 2158 castella,
883 2091 963 2167 pagi,
984 2085 1101 2166 ¹vici⁴⁵);
1129 2091 1159 2149 in
1179 2091 1300 2168 provin·

174 2192 223 2252 cia
254 2209 322 2250 vero
349 2190 551 2260 Narbonensi,
586 2198 711 2271 excepto
740 2210 799 2252 uno
827 2192 905 2252 Foro
934 2191 1069 2261 Domitii,
1104 2211 1180 2271 quae
1213 2194 1299 2252 statio

98 2370 102 2378 Ι
173 2293 243 2352 viae
266 2292 410 2352 Domitiae
435 2293 541 2374 (supra
564 2312 592 2371 p.
619 2291 694 2370 126)
724 2293 760 2352 ad
782 2294 865 2354 initia
888 2295 1058 2372 provinciae
1080 2293 1209 2363 recedit,
1239 2313 1299 2355 non

173 2394 236 2454 nisi
264 2401 535 2454 commemorantur
569 2396 637 2473 pagi
667 2402 695 2454 et
722 2396 792 2463 viei;
827 2413 896 2455 nam
927 2413 1003 2473 quae
1036 2391 1078 2456 ibi
1111 2395 1300 2475 appellaban-

174 2503 229 2555 tur
256 2495 332 2556 Fora
359 2495 441 2564 lulii,
477 2496 613 2565 Voconii,
649 2496 776 2558 Neronis
810 2496 993 2559 coloniarum
1021 2499 1086 2558 iure
1117 2505 1201 2558 erant
1229 2517 1299 2559 con·

173 2599 288 2659 stituta.
333 2597 404 2676 Pagi
433 2604 531 2657 auteur
559 2597 713 2658 dicuutur:
743 2601 773 2659 in
803 2599 900 2660 Volcis
928 2601 953 2659 is
979 2599 1077 2668 locun,
1107 2602 1159 2676 qui
1187 2602 1218 2660 in
1246 2599 1299 2661 bo-

173 2699 285 2760 dierno
318 2701 382 2760 vico
414 2699 514 2760 Moux
548 2706 612 2760 erat
643 2703 821 2762 constitutus
856 2700 937 2780 (app.
968 2720 996 2761 n.
1028 2697 1098 2778 78),
1134 2703 1164 2761 in
1199 2702 1299 2763 Arela-
1367 2693 1368 2696 ¹

173 2793 314 2862 tensibus
348 2801 503 2865 Lucretius
537 2801 580 2883 (u.
611 2805 705 2878 358),
739 2802 809 2862 Fori
837 2803 959 2862 Voconii
991 2802 1103 2863 Matavo
1133 2801 1176 2882 (u.
1207 2802 1298 2882 385),

172 2899 352 2981 Aptensium
376 2902 537 2964 Vordensis
562 2901 659 2983 (423),
688 2904 925 2964 Tricastinorum
948 2902 1088 2964 tiletanus
1112 2902 1218 2982 (448),
1242 2905 1298 2964 Vo-

247 3089 289 3153 42)
307 3090 375 3140 Tac.
399 3090 493 3156 Agric.
512 3092 541 3150 4,
566 3089 660 3142 annal.
683 3090 711 3151 4,
729 3091 770 3142 44.
805 3089 956 3150 Romanos,
981 3088 1028 3151 qui
1050 3087 1194 3139 Massiliae
1217 3088 1299 3158 dege·

172 3175 257 3234 bant,
276 3173 311 3223 ad
329 3176 486 3226 sacerdotia
500 3175 609 3226 Graeca
628 3190 689 3225 esse
704 3175 847 3238 admissos,
867 3189 1002 3238 apparere
1020 3173 1130 3224 videtur
1143 3188 1176 3224 ex
1189 3175 1220 3224 L.
1233 3174 1299 3224 Avi·

174 3257 218 3308 dii
242 3261 498 3312 commemoratione
523 3261 552 3308 in
575 3259 659 3310 titulo
683 3259 718 3310 ad
741 3258 927 3309 sacerdotium
950 3257 1126 3308 Massiliense
1149 3260 1300 3322 pertinenti

174 3359 243 3408 app.
262 3360 287 3396 n.
307 3345 365 3396 618.
645 3335 648 3340 “

245 3427 288 3492 43)
307 3427 442 3494 Agathias
460 3429 524 3479 hist.
544 3431 573 3492 1,
592 3429 620 3479 2:
642 3423 682 3492 (ot
700 3421 837 3494 Φράγηοι)
858 3423 953 3494 ἔχουσι
965 3423 1016 3478 καὶ
1030 3427 1157 3478 Γαλλιῶν
1174 3423 1209 3479 τὰ
1222 3429 1299 3480 πλεῖ-

174 3525 241 3578 στα,
261 3502 294 3564 οὐ
310 3505 449 3578 πρότερον
466 3509 537 3581 πρὸς
556 3503 651 3566 adedo
668 3505 858 3580 κατεχόμενα,
878 3505 940 3564 ἀλλ’
960 3503 1077 3578 ὕστερον
1094 3505 1298 3580 ε’πικτηθέντα,

174 3593 229 3648 καὶ
247 3589 300 3662 τὴν
316 3599 491 3650 Μασσαλίαν
509 3591 592 3650 πόλιν
610 3590 676 3658 τοὺς
690 3589 792 3650 Ἰκόνιον
810 3589 962 3657 ἀποίκους·
979 3589 1095 3662 ταύτην
1118 3592 1172 3662 γὰρ
1191 3592 1227 3663 δὴ
1246 3591 1299 3649 πά-

174 3683 227 3733 λαι
245 3679 374 3741 Φωκαεῖς
393 3673 422 3746 ἐξ
442 3676 536 3743 Ἀσίας
559 3673 615 3734 ἀπὸ
639 3675 752 3748 Μήδων
774 3673 950 3742 ἀναστάντες
972 3677 1148 3749 κατῴκισαν,
1173 3683 1300 3748 Δαρείου

174 3763 230 3818 τοῦ
244 3758 402 3819 Ὑστάσπεω
420 3765 537 3836 Περσῶν
556 3761 765 3834 βασιλεύοντος,
785 3765 835 3819 καὶ
853 3766 906 3819 νῦν
926 3759 955 3830 ἐξ
972 3759 1136 3834 Ἑλληνίδος
1155 3759 1213 3820 ἐστὶ
1231 3767 1299 3833 βαρ-

175 3844 295 3918 βαρική·
321 3844 374 3919 τὴν
392 3846 446 3917 yolo
463 3845 585 3917 πάτριον
604 3844 821 3918 ἀποβεβληκυῖα
837 3851 986 3902 πολιτείαν
1009 3855 1069 3912 τοῖς
1087 3851 1143 3904 τῶν
1161 3869 1299 3915 κρατονν-

174 3953 234 3988 των
253 3933 356 4002 χρῆται
368 3936 512 4004 νομίμοις·
533 3937 670 4003 φαίνεται
689 3931 721 3988 db
740 3933 790 3987 καὶ
803 3933 856 3988 νῦν
869 3926 904 3988 od
915 3927 993 4002 μάλα
1011 3935 1061 4002 τῆς
1074 3928 1158 3999 ἀξίας
1176 3935 1232 3987 τῶν
1243 3952 1299 3987 πα-

175 4019 266 4072 λαιῶν
285 4013 442 4086 οἰκητόρων
459 4015 679 4086 καταδεεστέρα.

245 4106 289 4170 44)
314 4107 356 4156 Ex
379 4109 415 4157 iis
439 4123 510 4174 quae
532 4106 565 4156 de
590 4107 654 4158 aliis
675 4106 791 4158 Graecis
816 4105 977 4156 civitatibus
994 4105 1168 4168 Marquardt,
1187 4103 1296 4154 Handb.

174 4195 201 4250 3,
222 4192 244 4251 1,
263 4189 314 4240 256
332 4206 358 4242 n.
379 4193 444 4242 1792
464 4192 553 4251 affert,
571 4193 619 4242 vix
637 4191 705 4241 licet
723 4190 793 4239 certi
811 4190 959 4254 quidquam
979 4193 1112 4242 statuere.

245 4274 293 4335 45)
323 4273 379 4326 cfr.
402 4275 581 4339 Marquardt,
604 4276 761 4326 Handbuch
784 4279 814 4339 3,
839 4277 868 4338 1,
892 4275 923 4324 51
948 4277 976 4323 et
998 4275 1090 4338 legum
1113 4273 1297 4338 Romanarum

171 4358 299 4410 Rubriae
317 4363 346 4410 et
363 4359 453 4412 Iuliae
471 4360 648 4426 municipalis
666 4362 832 4430 fragmenta,
859 4359 926 4408 item
949 4358 1172 4428 Agrimensorum
1192 4361 1298 4430 scripta,

171 4444 262 4498 variis
280 4443 361 4495 locis.
1035 4451 1060 4494 δ
