3184 5162
601 463 798 520 PHOOHlllVl.
1238 471 1256 530 5

138 629 246 706 Utique
268 630 372 689 Avieni
394 629 563 697 auctoritas
588 631 638 708 qui
660 629 778 690 saeculo
793 651 823 710 p.
841 631 892 692 Ch.
911 645 1016 708 quarto
1037 631 1149 694 librum
1170 654 1257 696 suum

138 735 330 811 conscripsit,
344 748 532 812 ¹quamquam
562 751 651 813 saepe
675 753 690 794 e
713 733 845 795 lontibus
867 735 925 795 fide
948 736 1047 812 dignis
1070 735 1182 806 hausit,
1212 745 1255 798 ta·

110 841 113 844 '
139 853 292 896 mennon
317 853 351 894 ea
375 841 428 904 est,
453 852 540 912 quam
557 834 704 896 Hecataeo
718 854 947 915 praeponamne,
971 838 1061 897 immo
1084 838 1210 898 fortasse
1226 841 1256 898 in

138 937 182 1005 iis,
207 953 285 1013 quae
308 934 404 1005 allert,
427 937 491 1014 ipse
515 934 588 994 nihil
610 936 689 996 aliud
712 954 801 1014 quam
815 937 995 998 Hecataeum
1012 939 1088 1000 male
1104 941 1254 1018 excripsit.

139 1038 168 1097 Si
190 1039 320 1117 denique
344 1036 465 1098 eosdem
487 1036 626 1117 Elesyces
649 1035 861 1117 Herodotus18)
884 1040 955 1100 dicit
977 1058 1045 1101 cum
1068 1040 1203 1101 iberibus
1227 1048 1256 1100 et

137 1138 296 1216 Liguribus
319 1157 397 1200 anno
420 1157 445 1198 a.
464 1138 515 1199 Ch.
537 1143 598 1206 480
621 1139 725 1199 Terilli
747 1139 885 1201 Himerae
907 1141 991 1201 urbis
1012 1145 1130 1221 tyranni
1152 1149 1255 1204 contra

137 1239 279 1300 Gelonem
304 1248 333 1300 et
356 1241 531 1320 Syracusios
561 1238 699 1300 bellantis
722 1242 923 1302 mercenarios
946 1242 1054 1313 fuisse,
1082 1245 1108 1304 is
1136 1244 1253 1322 quidem

136 1341 273 1422 Elesyces
298 1361 314 1402 a
336 1341 498 1420 Liguribus
520 1343 692 1419 distinguit,
717 1342 770 1402 sed
793 1360 827 1402 ea
850 1350 945 1404 aetate
967 1343 1110 1422 Ligurum
1134 1348 1254 1406 nomine

134 1445 191 1504 iam
213 1462 276 1506 non
300 1463 403 1504 omnes
426 1462 495 1503 orae
518 1442 597 1503 illius
620 1442 737 1504 accolae
753 1443 987 1523 appellabantur,
1012 1446 1065 1506 sed
1087 1448 1106 1506 ii
1129 1454 1253 1515 tantum,

136 1547 185 1622 qui
206 1565 222 1608 a
245 1547 367 1607 sinistra
390 1545 525 1606 Rhodani
553 1547 619 1623 ripa
648 1543 830 1607 habitabant.
876 1547 1025 1626 Quidquid
1047 1547 1077 1607 id
1101 1554 1158 1618 est,
1187 1556 1255 1626 post

136 1647 318 1708 Herodotum
343 1647 525 1725 extinguitur
546 1649 688 1707 memoria
712 1647 868 1728 Elesycum
897 1655 930 1710 ut
956 1651 1053 1727 gentis
1081 1651 1253 1711 etiamtum

135 1751 262 1810 citantis
285 1756 372 1826 atque
396 1756 425 1807 et
446 1747 522 1810 haec
543 1765 617 1826 gens
640 1756 670 1808 et
693 1767 726 1808 ea
750 1748 915 1830 Bebrycum
938 1769 1018 1831 pars,
1042 1768 1118 1828 quae
1141 1752 1183 1812 cis
1198 1752 1253 1832 Py-

134 1869 278 1912 renaeum
301 1850 486 1921 consederat,
510 1857 561 1912 aut
576 1868 592 1910 a
609 1849 699 1910 Gallis
714 1850 851 1910 videntur
868 1853 1013 1913 extinctae
1036 1859 1086 1913 aut
1102 1872 1169 1913 cum
1187 1851 1253 1912 Gal-

134 1952 169 2013 lis
191 1960 220 2013 et
236 1950 376 2012 lberihus
391 1953 579 2032 Pyrenaeicis
594 1953 714 2030 penitus
730 1954 914 2013 commixtae.
954 1954 1054 2033 ltaque
1069 1950 1253 2034 Polybius¹⁹l

134 2053 425 2132 Carthaginiensium
453 2055 484 2114 in
513 2052 612 2113 Sicilia
646 2054 849 2114 mercenarios
882 2071 943 2113 non
970 2053 1088 2123 Iberes,
1118 2054 1252 2132 Ligures,

133 2155 280 2237 lilesycea,
305 2155 357 2216 sed
373 2154 484 2226 iberes,
509 2153 643 2234 Ligures,
663 2153 759 2215 Celtas
783 2162 947 2225 enumerat,
971 2161 1005 2215 ut
1028 2162 1177 2234 appareat,
1202 2174 1253 2215 eos

133 2259 182 2336 qui
203 2276 262 2337 per
289 2275 372 2318 oram
395 2257 554 2336 Hispaniae
582 2263 612 2317 et
634 2256 744 2318 Galliae
772 2258 975 2317 mercenarios
1002 2263 1066 2317 tum
1095 2257 1252 2332 conquire·

133 2359 209 2429 bant,
234 2361 316 2420 inter
338 2358 507 2439 Pyrenaeos
535 2363 565 2418 et
586 2357 762 2420 Rhodanum
791 2360 849 2418 iam
877 2377 937 2418 non
960 2357 1099 2439 Elesyccs
1122 2359 1182 2418 sive
1204 2357 1252 2418 Li·

133 2479 221 2538 gures
246 2460 299 2520 sed
323 2459 418 2521 Celtas
441 2459 684 2538 deprehendisse.
722 2460 759 2520 Et
780 2479 818 2520 ne
841 2465 1032 2520 monumenta
1047 2460 1166 2539 quidem
1182 2459 1252 2529 ulla,

134 2581 206 2641 quae
237 2561 382 2640 Ligurum
410 2562 685 2639 antiquissimorum
719 2579 819 2622 mores
848 2561 1066 2641 quodammodo
1092 2561 1251 2628 illustrent,

134 2663 168 2722 ad
189 2683 247 2726 nos
270 2659 531 2742 pervenerunt²⁰)‚
555 2682 588 2724 ac
611 2664 668 2723 nisi
691 2679 767 2740 quae
790 2663 827 2724 de
848 2665 886 2724 iis
908 2663 1077 2741 Liguribus
1102 2665 1153 2740 qui
1174 2682 1189 2723 a
1213 2665 1252 2722 si·

133 2767 223 2826 nistra
253 2764 390 2826 Rhodani
417 2766 481 2844 ripa
506 2771 535 2824 et
562 2763 640 2826 ultra
661 2763 750 2842 Alpes
779 2764 982 2834 considebant,
1012 2771 1195 2831 narrantur,
1217 2763 1252 2823 ad

133 2884 252 2927 omnem
274 2866 419 2944 Ligurum
442 2872 562 2944 gentem
585 2867 712 2935 reseras,
736 2865 767 2925 id
790 2871 904 2927 tantum
927 2867 1077 2926 inveneris
1100 2865 1250 2932 traditum,

133 2970 282 3029 nationem
305 2967 385 3028 illam
408 2967 492 3028 valde
514 2965 651 3027 bellicam
675 2972 704 3026 et
726 2967 766 3026 ita
787 2966 945 3027 barbaram
966 2966 1068 3034 luisse,
1091 2972 1125 3025 ut
1147 2983 1185 3024 ne
1202 2984 1252 3025 eos

134 3070 262 3146 quidem,
288 3071 339 3147 qui
362 3070 535 3130 commercii
563 3085 667 3128 caussa
689 3085 744 3146 per
769 3066 849 3128 illam
873 3067 1025 3144 regionem
1048 3065 1253 3127 commeabant

134 3173 235 3250 etqui
257 3191 274 3232 a
296 3171 420 3250 reliquis
448 3168 586 3247 gentihus
614 3169 796 3230 sacrosancti
822 3167 1023 3238 habebantur,
1052 3167 1171 3228 illaesos
1197 3186 1252 3246 per

134 3291 203 3333 suos
225 3274 299 3334 fines
322 3275 451 3350 migrare
473 3272 692 3350 permitterent.

215 3374 350 3453 Namque
365 3375 424 3435 iam
441 3391 475 3433 ea
491 3378 595 3442 aetate,
613 3391 670 3451 qua
686 3374 782 3434 omnis
798 3391 850 3432 ora
862 3372 1009 3432 maritima
1021 3371 1164 3450 Ligurum
1178 3379 1250 3439 erat,

135 3477 227 3536 exteri
242 3482 426 3536 mercatores
442 3480 603 3553 coeperant
617 3475 719 3534 venire
741 3475 772 3534 in
793 3473 846 3534 has
861 3474 1008 3551 regiones,
1032 3479 1121 3550 atque
1138 3474 1252 3533 etiamsi

134 3575 279 3638 elabulis
301 3578 490 3656 potissimum
513 3575 550 3636 de
571 3575 708 3636 Herculis
730 3594 785 3654 per
800 3575 924 3637 Galliam
947 3574 1173 3652 migrationibus
1195 3572 1252 3632 hoc

200 3829 243 3894 18)
268 3831 414 3894 Herodi,
435 3831 492 3880 165.
530 3830 579 3880 cfr.
599 3829 746 3894 Forbiger‚
771 3829 929 3879 Handbuch
948 3829 996 3879 der
1015 3828 1090 3879 alten
1111 3828 1212 3892 Gecgr.
1231 3829 1251 3877 l.

135 3915 175 3964 71.
198 3915 232 3967 N.
251 3917 291 3964 14.

200 3997 242 4062 19)
267 3999 364 4062 Polyb.
384 4002 414 4061 1,
435 4000 479 4048 17:
504 3991 533 4048 oi
551 3991 583 4049 dl
601 3989 797 4063 Καρχηδόνιοι
814 3996 904 4060 (anno
924 4013 949 4050 a.
969 3997 1019 4047 Ch.
1038 3995 1104 4060 263)
1123 4023 1151 4030 -
1174 3994 1250 4058 ξενο-

135 4074 303 4148 λογήσαντες
321 4077 444 4142 πολλοὺς
462 4076 514 4148 piu
522 4081 714 4147 ’Λιγυστίνους
732 4079 781 4133 καὶ
793 4073 925 4140 Κελτούς,
944 4075 986 4132 ἔτι
1005 4075 1036 4131 ei
1055 4079 1170 4138 πλείους
1189 4071 1249 4129 τού·

135 4157 319 4234 residamus,
338 4155 470 4226 ἅπαντας
489 4158 602 4233 adecho
620 4166 758 4218 Σικελίαν
776 4156 954 4217 ἀπέστειλαν.

201 4252 244 4314 20)
261 4251 370 4302 Uckert
388 4251 497 4315 quidem
517 4251 627 4316 (Geogr.
642 4251 667 4302 d.
681 4251 792 4302 Griech.
811 4266 837 4302 u.
851 4251 969 4299 Roemer
986 4252 1016 4308 2,
1035 4251 1058 4308 2,
1077 4249 1135 4300 229.
1155 4248 1188 4298 N.
1207 4247 1250 4311 24)

135 4332 254 4400 lepidum
267 4337 400 4400 quosdam
415 4334 537 4386 cumulos
550 4335 685 4400 singulari
703 4334 782 4385 modo
801 4338 960 4397 congestos,
982 4349 1048 4395 quos
1060 4347 1145 4398 prope
1157 4332 1251 4398 Aquas

137 4415 244 4468 Sextias
256 4424 380 4486 repertos
393 4435 453 4471 ease
467 4420 545 4482 dicit,
556 4419 705 4484 Liguribus
716 4419 820 4482 tribuit,
832 4422 861 4467 at
870 4418 922 4470 hoc
931 4432 1041 4482 prorsus
1053 4417 1189 4468 incertum
1199 4421 1250 4468 est.
