3184 5162
341 469 381 531 18
797 466 995 526 execuntur.

339 653 414 713 quae
445 637 499 696 sita
526 637 556 696 in
586 637 767 716 prominenti
795 635 894 696 littore
921 655 990 696 cum
1015 636 1111 696 insula
1134 636 1279 696 Blascone
1303 636 1464 716 (Brescou)

338 738 374 798 ad
397 737 537 799 tuendam
560 738 602 797 ihi
617 739 820 814 navigatorum
836 739 1025 800 securitatem
1042 740 1201 798 constituta
1219 748 1274 798 cst.
1313 739 1372 810 Qui
1388 758 1464 800 vero

337 842 368 900 in
389 841 463 919 ipsis
486 839 622 902 confiniis
644 839 803 918 Hispaniae
826 848 856 899 et
877 839 987 901 Galliae
1010 842 1084 899 situs
1100 845 1171 899 ¹crat
1197 848 1304 918 portus
1332 842 1463 902 Veneris

337 942 424 1021 (Part
458 938 621 1018 Vendres),
655 941 739 1001 cuius
768 941 914 1003 Graecum
948 955 1072 1001 nomen‘
1091 941 1169 1020 apud
1198 940 1384 1019 Stephanum
1416 951 1462 1004 est

331 1029 601 1121 Ἀφροδισιάςθῖ),
625 1042 727 1121 oppidi
749 1043 809 1100 sive
833 1043 967 1102 stationis
984 1043 1078 1102 instar
1093 1061 1152 1102 non
1169 1043 1369 1103 videturesse
1386 1063 1459 1104 con·

335 1146 471 1212 stitutus,
497 1143 549 1204 sed
572 1163 627 1223 pro
649 1144 766 1220 relugio
788 1143 886 1221 potius
908 1144 1001 1204 luisse
1024 1143 1239 1220 navigantibus.
1286 1145 1457 1224 Emporita-

333 1264 440 1305 norum
471 1253 568 1306 autem
598 1263 653 1323 per
681 1243 757 1304 hanc
786 1262 856 1304 orae
890 1252 1005 1322 partem
1036 1263 1109 1323 opes
1137 1252 1240 1304 auctae
1269 1245 1457 1324 aliquantum

272 1373 274 1380 ·
333 1355 411 1416 sunt,
436 1365 503 1408 cum
526 1345 659 1407 Rhodam
682 1346 835 1406 finitimam
858 1347 919 1404 sive
941 1347 997 1424 ipsi
1026 1347 1087 1404 sive
1110 1345 1310 1408 Massilienses
1333 1368 1402 1408 cum
1419 1352 1458 1410 iis

330 1451 361 1508 in
385 1467 507 1510 suarum
534 1449 719 1509 coloniarum
742 1466 900 1506 numerum
929 1448 1114 1526 reciperent,
1143 1449 1228 1507 novis
1254 1448 1334 1509 haud
1363 1451 1457 1511 dubie

330 1551 443 1612 colonis
459 1569 524 1611 eam
538 1544 737 1627 ornantesffl)
766 1549 901 1624 Denique
916 1547 1144 1608 Massiliensium
1161 1549 1340 1610 stationibus
1357 1551 1454 1612 adnu-

329 1652 470 1712 meranda
504 1660 573 1713 sunt
605 1651 669 1711 loca
701 1649 780 1710 sedis
808 1650 938 1710 incertae
972 1650 1079 1710 Azania
1106 1657 1135 1709 et
1163 1649 1294 1730 Cyrene,
1324 1671 1402 1730 quae
1437 1673 1454 1714 a

329 1751 480 1831 Stephano
503 1754 665 1833 Byzantino
689 1758 894 1812 recensentur.
903 1746 938 1828 63)

413 1855 477 1926 Quo
507 1855 595 1916 modo
625 1853 696 1913 dum
720 1851 921 1913 Massilienses
950 1853 1088 1912 universo
1110 1852 1223 1921 littore,
1249 1855 1329 1929 quod
1353 1875 1370 1914 a
1394 1857 1451 1936 ry-

326 1975 436 2018 renaeo
459 1957 495 2018 ad
517 1956 634 2034 Alpium
657 1955 773 2016 radices
788 1954 892 2022 tendit,
917 1952 952 2013 ad
969 1955 1138 2014 commercii
1155 1956 1201 2013 sui
1218 1973 1307 2015 usum
1326 1960 1450 2035 potiun-

324 2067 382 2127 tur,
407 2059 505 2120 Ccltae
528 2058 632 2119 oculos
660 2056 747 2132 longe
776 2055 833 2115 alio
862 2061 1070 2115 converterant
1098 2063 1126 2114 ct
1154 2064 1299 2133 perpetua
1324 2060 1452 2136 vagandi

323 2160 462 2240 cupidine
486 2178 520 2220 ex
545 2159 667 2220 sedibus
690 2159 752 2218 suis
775 2157 892 2215 excitati
914 2157 1067 2234 perruptis
1088 2155 1205 2235 Alpium
1229 2156 1369 2220 claustris
1393 2179 1451 2240 per

323 2261 475 2338 complura
499 2259 616 2321 saecula
640 2276 699 2318 non
721 2257 871 2316 desierant
893 2255 1075 2316 descendere
1095 2258 1126 2315 in
1142 2256 1264 2317 ltaliam.
1304 2261 1343 2320 Ut
1358 2263 1449 2321 omit-

321 2370 420 2423 tamus
442 2361 619 2438 longinquas
642 2358 793 2419 Gallorum
818 2356 1031 2435 expeditiones,
1055 2357 1163 2434 quihus
1186 2361 1216 2417 in
1241 2360 1398 2420 Graeciam
1417 2369 1449 2422 et

319 2465 418 2524 Asiam
442 2463 587 2522 minorem
603 2460 739 2539 perducti
763 2466 840 2527 sunt,
863 2457 933 2516 inde
957 2477 1044 2518 exeo
1063 2465 1209 2537 tempore,
1234 2477 1295 2536 quo
1311 2464 1447 2540 primum

320 2564 419 2624 Livius
440 2561 628 2622 Bellovesum
647 2561 677 2618 in
695 2561 848 2636 regionem
872 2558 1111 2637 Transpadanam
1129 2562 1276 2638 irrupisse
1294 2563 1444 2642 traditffl),

318 2683 414 2742 usque
437 2663 474 2724 ad
496 2682 564 2723 ann.
588 2681 613 2721 a.
639 2660 691 2722 Ch.
721 2680 749 2722 n.
777 2666 836 2725 179
864 2660 986 2722 annales
1016 2679 1116 2720 rerum
1148 2661 1350 2725 Romanarum
1381 2685 1446 2728 non

318 2767 459 2826 desinunt
473 2763 592 2825 tradere
605 2762 642 2821 de
654 2761 919 2840 Transalpinorum
935 2763 965 2821 in
982 2761 1095 2822 ltaliam
1111 2762 1361 2841 expeditionibus,
1380 2770 1445 2828 sive

316 2869 402 2929 acciti
430 2873 515 2927 erant
542 2886 559 2926 a
587 2862 675 2924 Celtis
703 2865 780 2924 circa
807 2861 879 2923 Padi
906 2863 986 2941 ripas
1014 2863 1239 2925 considentibus
1268 2867 1330 2927 sive
1360 2869 1444 2930 ultro
1537 2929 1538 2932 ,
1587 2941 1588 2958 ¹

314 2969 392 3041 bella
416 2967 617 3046 praedamque
639 2965 804 3041 quaesituri
819 2959 1030 3038 exierunt.⁰⁴¹)
1068 2964 1111 3022 lta
1131 2964 1181 3024 illa
1198 2965 1364 3038 Senonum,
1388 2975 1443 3050 qni
1484 2975 1488 2979 '
1587 2995 1588 3006 α

314 3072 402 3132 sedes
429 3071 472 3128 cis
501 3067 590 3145 Alpes
618 3067 674 3126 sibi
703 3057 881 3142 quaerentes
909 3063 986 3124 ultra
1013 3064 1126 3124 Padum
1155 3072 1310 3144 progressi
1341 3081 1440 3142 erant,

313 3179 416 3233 contra
440 3170 572 3231 Clusium
595 3165 758 3245 expeditio,
782 3185 839 3244 qua
862 3181 957 3241 usque
982 3164 1017 3225 ad
1040 3163 1195 3226 delendam
1217 3167 1343 3230 Romam
1368 3192 1441 3251 per·

312 3274 429 3334 venisse
453 3289 505 3330 eos
527 3273 657 3336 constat,
685 3267 757 3328 nihil
786 3274 850 3328 erat
877 3266 935 3324 nisi
962 3266 1029 3325 linis
1055 3267 1185 3344 ingentis
1213 3267 1295 3330 illius
1324 3281 1438 3345 motus

312 3376 362 3450 qui
384 3393 401 3433 a
424 3369 559 3432 lahuloso
575 3367 722 3428 Bellovesi
741 3368 792 3427 illo
814 3351 921 3426 itinere
943 3367 1089 3445 incipiens
1112 3385 1208 3444 usque
1230 3371 1267 3430 ad
1292 3383 1440 3449 quartum

310 3494 336 3535 a.
362 3473 413 3535 Ch.
439 3471 591 3532 saeculum
620 3487 655 3528 eo
679 3487 819 3529 successu
849 3475 893 3526 est
922 3468 1126 3536 continuatus,
1158 3477 1191 3530 ut
1217 3472 1364 3549 quidquid
1389 3479 1438 3538 in·

311 3582 356 3634 ter
370 3573 460 3653 Alpes
482 3579 512 3631 et
525 3572 713 3649 Apenninum
730 3572 871 3636 interest,
895 3575 957 3626 tum
974 3567 1085 3629 Galliae
1106 3569 1285 3633 adiceretur.
1325 3576 1438 3640 Postea

307 3812 365 3860 dant
383 3809 588 3858 Massiliensium.
622 3803 698 3854 Idem
716 3807 746 3867 3,
765 3806 795 3852 11
820 3807 849 3852 et
867 3801 1001 3852 strabos
1023 3817 1049 3866 p.
1068 3803 1115 3852 181
1139 3805 1284 3858 nominant
1306 3811 1437 3867 insulam

304 3894 480 3944 Blasconem.

373 3976 417 4041 61)
436 3974 531 4039 Steph.
550 3973 629 4037 Byr:
646 3965 826 4036 Ἀφσοδισιάς
843 3963 923 4028 πόλις
938 3960 1060 4034 Ἰβηρίας
1077 3964 1147 4034 πρὸς
1165 3977 1226 4033 τοῖς
1244 3978 1376 4040 Κελτοῖς.

373 4059 416 4125 62)
437 4058 493 4110 cfr.
512 4073 595 4122 supra
613 4061 670 4107 not.
687 4059 728 4108 40.
747 4059 789 4106 43.

371 4145 416 4207 63)
434 4143 543 4208 Steph.:
565 4132 675 4203 Ἀζανία
698 4167 728 4176 -«
753 4135 811 4192 ἔστι
833 4135 883 4188 καὶ
905 4137 1075 4197 Μασσαλίας
1097 4133 1181 4206 ἄλλη,
1204 4134 1241 4202 ὡς
1263 4145 1371 4202 Φίλων.
1398 4181 1434 4192 -

303 4221 422 4294 Κυρήνη
441 4255 472 4263 -
492 4222 551 4278 ἔστι
568 4224 619 4278 καὶ
633 4217 756 4291 Ἰβηρίας
773 4219 823 4273 καὶ
840 4221 1012 4280 Μασσαλίας
1030 4213 1109 4296 detq.

370 4312 414 4375 et)
433 4313 494 4362 Liv.
513 4313 542 4372 ὅ,
562 4312 602 4362 34.
634 4311 684 4360 eir.
704 4322 787 4372 supra
805 4309 860 4355 not.
880 4305 920 4354 36.

370 4394 437 4456 ota)
458 4390 500 4444 De
519 4394 604 4458 priori
623 4392 764 4442 Celtarum
781 4389 897 4439 historia
915 4387 965 4438 et'r.
984 4389 1081 4456 Polyb.
1099 4394 1128 4454 2,
1149 4396 1180 4443 15
1199 4410 1258 4460 sqq.
