3154 5162
274 482 315 544 70
670 475 755 533 etas
777 475 797 532 l.
839 473 946 532 CAPVT
968 475 988 534 l.

275 665 412 728 operam,
441 663 480 706 ne
504 663 557 706 eae
581 662 613 705 sc
636 663 705 706 cunr
727 642 869 704 Helvetiis
896 641 1136 721 coniungerent.'
1168 643 1273 706 Evenit
1295 651 1399 706 autem

274 747 470 826 Transalpina
498 748 650 827 provincia
679 753 759 808 sorte
789 745 823 818 Ο.
853 744 971 808 11616116
1000 745 1106 808 Celeri.
1151 748 1188 808 tt
1215 764 1283 807 cum
1311 745 1399 806 brevi

274 857 344 932 post
364 847 523 930 tranquilla
545 854 668 926 tutaque
684 866 750 908 esse
765 846 858 909 Gallia
874 849 1072 918 nuntiaretur,
1097 846 1212 910 sublato
1227 846 1299 908 belli
1312 855 1398 908 metu

275 951 411 1015 Metellus
432 953 464 1012 in
487 950 561 1012 urbe
583 951 735 1019 remansit,
758 951 941 1029 provinciam
962 950 1018 1011 sibi
1040 949 1190 1012 decretam
1210 968 1267 1029 per
1281 949 1399 1028 legatos

276 1055 495 1118 administrans.
504 1050 539 1132 84)
584 1051 694 1114 Verum
715 1053 830 1113 interea
853 1069 912 1112 non
935 1052 1032 1114 solum
1048 1041 1152 1113 consul
1173 1053 1205 1112 iu
1227 1059 1400 1132 anuum-59

177 1203 181 1210 .
276 1159 449 1236 designatus
475 1162 539 1217 erat
561 1155 591 1218 C.
617 1148 709 1217 lulius
734 1153 856 1224 Caesar,
880 1154 932 1215 sed
955 1157 1026 1216 inita
1050 1171 1169 1234 quoque
1191 1153 1240 1214 illa
1263 1155 1400 1216 Caesaris

277 1279 344 1322 cum
368 1260 419 1321 Cn.
444 1257 587 1337 Pompeio
611 1265 640 1318 et
662 1257 699 1318 Μ.
718 1255 825 1318 Crasso
841 1255 878 1316 de
900 1256 1031 1334 regenda
1053 1255 1206 1335 republica
1227 1257 1334 1336 pactio,
1357 1274 1400 1316 ex

278 1379 335 1440 qua
358 1379 435 1422 auno
458 1365 498 1428 59
522 1359 641 1421 Caesari
664 1376 679 1419 a
702 1356 813 1437 populo
836 1357 901 1436 lege
924 1359 1036 1420 Vatinia
1053 1356 1146 1419 Gallia
1161 1356 1309 1437 Cisalpina
1327 1377 1399 1419 cum

277 1462 402 1544 lllyrico,
428 1481 444 1523 a
467 1467 573 1522 senatu
589 1458 681 1520 Gallia
697 1457 891 1540 Transalpina
913 1460 1084 1540 provinciae
1105 1461 1137 1520 in
1160 1461 1401 1540 quinquennium

278 1561 523 1626 decernerentur.
532 1557 570 1640 ⁸⁵)
614 1561 657 1623 Er
679 1560 735 1622 hac
757 1563 903 1641 pactione,
927 1581 1013 1643 quam
1037 1581 1114 1624 auno
1137 1566 1177 1629 56
1194 1564 1309 1642 excepit
1323 1581 1399 1622 con·

278 1667 377 1727 ventio
405 1665 550 1726 Lucensis
580 1679 746 1742 prorogans
774 1663 893 1725 Caesari
920 1662 1026 1726 harum
1055 1665 1273 1744 provinciarum
1300 1666 1400 1743 impe·

278 1768 357 1828 rium
379 1783 474 1846 usque
497 1765 533 1827 ad
557 1783 666 1826 annum
691 1771 740 1835 49,
769 1782 843 1826 nova
866 1764 978 1828 Calliae
1005 1765 1219 1846 'transalpinae
1241 1773 1320 1828 aetas
1342 1763 1399 1828 ha·

278 1867 343 1930 huit
364 1869 490 1930 initium.

362 1970 424 2031 lani
459 1987 530 2031 vero
564 1969 754 2050 priusquam,
788 1985 864 2047 quae
897 1967 1006 2032 Caesar
1039 1971 1155 2032 novarit
1182 1971 1213 2030 in
1246 1971 1403 2049 provincia

278 2071 465 2134 Narbonensi
482 2088 674 2150 exponamus,
700 2078 818 2149 oportet
839 2089 898 2132 una
914 2073 1000 2150 quasi
1021 2072 1148 2151 imagine
1165 2070 1403 2152 complectamur

280 2194 369 2245 eum,
401 2193 491 2256 quem
513 2172 670 2251 hucusque
698 2172 912 2252 descripsimus
938 2175 1108 2253 provinciae
1134 2180 1254 2234 nostrae
1277 2179 1400 2234 statum.

280 2277 438 2355 Sexaginta
467 2277 530 2336 lero
559 2294 652 2337 annos
685 2281 845 2338 tenuerant
876 2276 935 2336 iam
963 2275 1088 2338 llomani
1120 2274 1200 2337 illam
1234 2277 1402 2354 regionem,

280 2376 374 2440 multo
403 2379 547 2457 sanguiue
576 2376 777 2457 redemptam:
812 2376 883 2455 quid
909 2379 1048 2438 iecerunt
1075 2377 1204 2455 denique
1238 2395 1293 2456 per
1323 2376 1403 2439 illud

279 2487 398 2560 tempus
426 2480 463 2541 de
492 2478 547 2540 hac'
577 2479 674 2540 terra?
720 2478 773 2540 Cui
796 2481 963 2557 quaestioni
990 2481 1101 2559 optime
1129 2477 1340 2559 respondebis,
1374 2482 1403 2540 si

279 2600 355 2663 quae
383 2583 467 2642 initio
495 2581 703 2641 dominationis
729 2579 879 2642 Romanae
911 2583 943 2642 in
971 2582 1122 2661 provincia
1149 2582 1261 2642 luerint
1288 2597 1403 2659 genera

280 2683 450 2753 homiuum,
475 2701 550 2762 quac
574 2682 708 2743 Caesaris
731 2689 841 2752 aetate,
866 2702 1030 2763 comparas.
1075 2682 1254 2744 Invenerunt
1274 2681 1404 2744 llonrani

281 2785 340 2847 duo
369 2784 522 2846 hominum
549 2801 677 2862 genera,
706 2784 838 2845 Graecos
868 2793 897 2846 et
924 2783 1032 2846 Gallos.
1078 2783 1114 2846 Et
1140 2785 1247 2846 Graeci
1279 2783 1403 2862 quidem

281 2904 461 2968 quamquam
484 2894 517 2948 ut
539 2889 614 2948 vitae
637 2883 718 2947 cultu
741 2886 834 2946 multo
858 2889 1030 2965 superiores
1053 2885 1143 2948 Gallis
1170 2888 1208 2947 ita
1232 2904 1270 2947 ne
1291 2885 1404 2965 opibus

281 2990 402 3070 quidem
424 2996 512 3068 atque
535 2987 607 3050 belli
628 2987 802 3050 fortitudine
824 2989 1000 3059 interiores,
1030 3007 1149 3068 semper
1176 2995 1276 3050 tamen
1298 2987 1403 3066 hospi-

280 3099 344 3153 tum
366 3091 456 3152 modo
479 3110 511 3152 sc
533 3096 692 3152 tenuerant
715 3108 812 3168 neque
832 3089 892 3152 ulla
913 3091 1030 3153 ratione
1051 3089 1199 3150 lacessere
1221 3090 1405 3152 studuerant

280 3192 444 3270 indigenas,
470 3192 547 3253 unde
569 3193 679 3254 lactum
702 3198 756 3261 cst,
780 3198 813 3252 ut
834 3190 908 3254 haec
929 3193 1023 3270 regio,
1048 3193 1179 3268 quamvis
1201 3191 1323 3253 bellicae
1345 3209 1402 3252 na-

281 3295 378 3353 tiones
398 3292 440 3353 ibi
463 3292 666 3363 considerent,
690 3301 758 3354 ante
779 3293 979 3356 Romanorum
1003 3294 1161 3354 adrentum
1186 3297 1256 3355 satis
1278 3299 1404 3372 pacatae

281 3399 380 3456 terrae
406 3393 566 3473 praeberet
586 3397 726 3474 speciem.
765 3395 970 3465 Adiecerunt,
994 3413 1053 3456 non
1075 3397 1133 3456 iam
1156 3395 1321 3475 hospitum,
1344 3395 1404 3456 sed

349 3663 393 3730 84)
414 3661 471 3715 (liu.
492 3665 527 3715 ad
546 3665 601 3715 Act.
622 3668 654 3728 1,
673 3667 712 3716 te.
732 3667 773 3716 20.
809 3665 884 3720 Mola
902 3667 930 3725 3,
950 3667 966 3716 6
985 3669 1053 3716 extr.
1089 3666 1160 3716 Plin.
1179 3666 1245 3716 hist.
1263 3681 1289 3714 n.
1308 3667 1333 3725 1,
1352 3667 1405 3717 67:

281 3751 370 3814 Nepos
379 3749 467 3809 tradit,
482 3750 511 3810 Q.
525 3751 629 3801 Metello
645 3751 735 3812 Celeri,
749 3751 783 3801 L.
797 3751 896 3814 Afrani
907 3753 933 3800 in
944 3753 1074 3802 consulatu
1087 3753 1206 3816 collegae,
1219 3752 1268 3802 rect
1278 3759 1327 3800 tum
1340 3749 1406 3801 Gal-

282 3836 332 3884 lice
341 3837 502 3898 proconsuli,
520 3835 602 3884 Indos
620 3850 637 3884 u
654 3849 715 3899 rege
733 3835 870 3886 Succorum
887 3837 953 3886 dono
966 3838 1053 3896 datos,
1071 3838 1114 3901 qui
1125 3851 1160 3886 eae
1170 3835 1249 3886 India
1260 3838 1408 3886 commercii

282 3934 374 3970 661161
386 3923 533 3984 nauigantes
545 3918 734 3984 tempestatibus
746 3927 830 3972 essent
841 3921 868 3970 in
882 3920 1038 3970 Germaniam
1056 3920 1165 3986 abrepti.
1190 3919 1258 3971 Inde
1270 3935 1325 3970 non
1337 3935 1405 3972 6666

283 4003 507 4064 concludendum,
525 4005 612 4054 fuisse
624 3993 722 4055 revera
735 4005 763 4054 in
775 4005 920 4070 provincie
937 4019 988 4055 sua
1001 4004 1150 4065 Metellum,
1168 4007 1247 4056 reete
1258 4004 1409 4058 laticense

282 4089 350 4141 mihi
367 4089 478 4139 videtur
495 4090 593 4155 Zumpt
614 4087 708 4152 (stau.
726 4089 803 4142 Rom,
820 4089 878 4149 ot).
914 4089 1002 4139 Aliter
1019 4089 1125 4140 iudicet
1142 4090 1298 4153 Drumann,
1315 4089 1347 4143 R.
1370 4091 1408 4147 G,

282 4178 311 4240 1,
331 4172 421 4235 18.3,
440 4176 499 4227 118.
529 4174 692 4228 (11661166
709 4175 791 4225 Dion.
811 4176 852 4234 at,
871 4173 912 4228 50.
948 4175 1113 4240 Mommsen,
1134 4175 1317 4242 Rechtsfruge
1335 4177 1407 4226 awi-

283 4259 367 4308 scheu
390 4255 494 4309 Caesar
516 4260 571 4310 und
593 4258 654 4310 dem
672 4257 759 4310 Sonat
777 4259 928 4324 (Abhandl.
953 4259 1002 4310 der
1024 4259 1181 4326 hiat-phil.
1198 4259 1353 4314 Gesellsch.
1374 4263 1409 4314 in

283 4341 401 4392 Breslau
420 4343 495 4408 rest)
513 4361 540 4411 p.
558 4349 591 4397 ³0
608 4348 664 4396 not.
684 4345 726 4394 77.
1177 4377 1181 4384 ·

351 4423 394 4488 85)
412 4424 575 4489 Mommsen,
593 4430 689 4480 Roem.
708 4427 808 4479 Gesch.
827 4431 851 4493 3,
866 4430 916 4478 100
935 4444 974 4496 sq.
