3148 5160
302 463 362 525 172
683 460 766 516 PARS
788 461 819 516 ll.
862 457 968 518 clevr
991 461 1021 516 ll.

300 630 467 688 contiorum
484 628 608 706 Epetius
632 625 734 706 (489),
765 627 1077 688 Vertacomacororum
1099 625 1183 706 (Plio.
1206 625 1234 686 b.
1252 647 1281 686 n.
1299 631 1333 695 3,
1351 623 1413 703 21),

300 731 422 806 Bag...
448 729 525 808 (app.
544 748 572 788 n.
591 728 677 807 447);
703 729 757 788 vici
780 747 859 798 vero,
883 735 916 788 ut
937 730 1051 789 mittam
1075 730 1170 789 vicum
1194 727 1414 806 Hebromagum

299 831 442 890 itinerarii
457 829 715 918 Hierosolymitaoi
732 831 770 911 (p.
789 827 875 908 551),
899 838 932 891 ut
955 831 1006 907 qui
1029 829 1145 890 libellus
1167 832 1342 908 posterioris
1364 849 1414 890 ae·

299 933 367 992 tatis
389 933 441 999 sit,
471 939 533 992 tres
554 939 667 992 tantum
690 931 883 1010 Allobrogum
906 934 1055 1009 Augustus
1079 933 1161 1012 (app.
1185 951 1214 992 u.
1239 929 1326 1009 568),
1355 931 1414 992 Ge·

299 1051 371 1094 nava
389 1031 481 1114 (589),
504 1033 693 1095 albionensis
711 1030 804 1113 (579).
850 1034 886 1094 Et
907 1035 937 1094 in
960 1033 1040 1094 ltalia
1064 1033 1183 1110 quidem
1200 1051 1343 1112 pagorum
1360 1053 1414 1093 no·

299 1153 367 1195 men
390 1135 503 1195 recedit.
524 1138 554 1196 in
577 1137 780 1212 antiquissima
808 1142 942 1214 tempora
971 1137 1131 1196 memoriae
1159 1137 1290 1212 cognita,
1319 1141 1350 1194 at
1378 1154 1415 1194 ue

298 1236 339 1297 ibi
372 1237 491 1313 quidem
524 1239 721 1316 antiquissimi
754 1236 796 1296 illi
824 1238 892 1316 pagi
925 1236 1002 1296 idem
1032 1245 1116 1298 erant
1150 1243 1237 1313 atque
1268 1237 1304 1304 ii,
1338 1255 1416 1315 quos

298 1345 401 1417 postea
424 1339 589 1399 invenimus
610 1340 640 1399 in
664 1341 800 1399 universa
816 1337 896 1398 ltalia
917 1340 1085 1417 municipiis
1107 1338 1295 1404 distributos;
1321 1337 1416 1397 multo

299 1458 369 1498 vero
398 1442 496 1500 minus
524 1440 569 1509 id,
599 1440 677 1516 quod
705 1443 736 1500 in
765 1439 951 1501 Narbonensi
979 1447 1047 1519 post
1069 1440 1224 1501 Caesarem
1247 1441 1415 1500 invenimus

298 1559 442 1620 pagorum
465 1544 640 1610 institutum,
664 1541 778 1602 recedit
790 1535 834 1600 'ad
856 1547 981 1604 aetatem
998 1541 1199 1602 Romanorum
1215 1542 1415 1602 dominatione

299 1645 486 1721 superiorem
496 1639 548 1721 ⁴⁶),
582 1661 679 1722 oeque
713 1645 806 1720 magis
840 1644 969 1704 conferri
1004 1651 1101 1722 potest
1133 1663 1199 1706 cum
1227 1645 1311 1722 pagis
1340 1661 1416 1720 quos

298 1745 407 1807 Caesar
430 1753 642 1806 commemorat
669 1743 880 1806 Helvetiorum.
926 1745 1029 1821 Neque
1057 1747 1135 1806 enim
1165 1764 1309 1824 unquam,
1339 1764 1415 1824 qnae

299 1853 366 1906 ante
395 1845 596 1908 Romanorum
624 1846 781 1907 adventum
814 1849 845 1906 in
877 1848 940 1926 ipsa
970 1845 1063 1908 Gallia
1097 1852 1182 1907 erant
1208 1847 1415 1924 indigenarum

297 1947 494 2027 respublicae,
519 1948 705 2027 appellantur
728 1951 803 2027 pagi,
828 1948 878 2008 sed
902 1950 1044 2017 civitates,
1067 1965 1165 2025 neque
1181 1949 1339 2027 quidquam
1364 1968 1414 2008 ex·

299 2056 348 2118 tat,
373 2050 452 2126 quod
474 2050 600 2120 indicet,
625 2068 716 2128 pagos
738 2051 912 2129 posterioris
936 2052 1038 2111 aetatis
1060 2069 1120 2110 noo
1144 2051 1301 2110 attributos
1325 2051 1416 2110 luisse
1478 2033 1486 2048 ’

298 2153 441 2230 proximis
459 2152 584 2212 coloniis
603 2153 808 2228 rationemque
827 2170 930 2213 eorum
951 2151 1036 2212 aliam
1061 2152 1152 2212 fuisse
1170 2169 1257 2228 quam
1281 2153 1415 2212 omnium

297 2253 430 2313 locorum
459 2254 679 2314 attributorum.
731 2255 824 2315 Immo
858 2272 953 2333 pagus
981 2253 1136 2314 Lucretius
1164 2253 1275 2312 diserte
1307 2253 1417 2314 dicitur

298 2356 391 2414 luisse
413 2358 444 2414 io
462 2357 571 2428 finibus
593 2355 819 2416 Arelatensium.
858 2355 962 2432 Neque
985 2362 1039 2423 est,
1064 2354 1141 2431 quod
1164 2356 1238 2416 iuris
1253 2354 1416 2414 discrimen

299 2462 462 2517 statuamus
484 2458 562 2517 inter
584 2457 663 2516 vicos
684 2474 844 2536 pagosque,
869 2466 957 2534 atque
979 2457 1058 2536 quod
1073 2457 1103 2516 in
1118 2455 1325 2532 Allobrogibus
1340 2475 1415 2517 non·

298 2558 355 2616 nisi
386 2559 465 2617 vicos
498 2555 725 2635 invenimuslll,
754 2561 786 2620 in
818 2557 941 2639 reliquis
974 2557 1139 2620 civitatibus
1167 2576 1273 2636 pagos,
1305 2576 1417 2618 nomen

298 2664 411 2719 tantum
434 2657 583 2738 peculiare
605 2659 814 2738 Allobrogibus
837 2668 913 2728 erat.
944 2662 999 2721 nisi
1023 2662 1112 2728 torte,
1142 2662 1192 2736 qui
1220 2662 1251 2719 in
1279 2659 1417 2722 Allobro·

298 2758 384 2836 gibus
413 2767 498 2820 erant
524 2763 594 2829 vici,
630 2760 687 2822 boc
720 2764 840 2823 nomine
871 2770 904 2823 nt
932 2764 1043 2823 maiora
1071 2763 1149 2821 iuter
1177 2761 1417 2822 contribulorum

299 2879 394 2939 genus
417 2860 479 2922 loca
503 2861 761 2940 distinguebantur
788 2883 803 2924 a
827 2862 992 2925 minoribns
1021 2864 1103 2942 pagis
1132 2861 1176 2922 vel
1207 2865 1328 2923 omnino
1357 2883 1418 2924 ma·

298 2967 362 3022 iore
384 2963 448 3023 loca
472 2965 535 3033 vici,
560 2967 674 3025 minora
697 2968 764 3044 pagi
779 2965 963 3026 dicebantur.
1003 2965 1083 3036 Quae
1107 2983 1173 3025 eum
1196 2965 1236 3024 ita
1258 2966 1325 3034 sint,
1349 2967 1417 3045 qui-

299 3082 414 3142 cunque
437 3066 468 3125 in
490 3067 641 3143 provincia
672 3074 772 3128 nostra
801 3068 993 3127 inveniuntur
1022 3068 1077 3126 vici
1106 3067 1233 3144 pagique
1256 3065 1326 3144 quid
1348 3067 1416 3126 iue-

298 3167 373 3234 riot‚
404 3168 580 3244 exprimitur
609 3167 673 3227 loco
702 3167 752 3228 illo
781 3164 945 3245 isidori⁴⁸):
977 3171 1034 3228 eici
1059 3175 1089 3228 et
1104 3171 1229 3228 castella
1250 3175 1279 3227 et
1300 3171 1379 3242 papi
1396 3172 1421 3228 ii

298 3273 379 3335 suet,
411 3269 464 3340 qui
483 3272 567 3327 nulla
590 3270 733 3343 deportare
754 3273 879 3330 civitatis
907 3279 1068 3339 ornantur,
1098 3271 1153 3330 sed
1179 3271 1301 3344 culpari
1320 3271 1420 3329 bomi—

299 3385 369 3427 num
386 3376 528 3429 conventu
545 3373 714 3432 incoluntur
732 3382 761 3432 et
779 3377 905 3447 propter
924 3375 1100 3447 parvitatem
1112 3375 1171 3432 *snt
1186 3373 1348 3432 maioribus
1369 3375 1419 3431 ci-

298 3471 434 3530 uitatibus
454 3473 662 3533 attribuuntur.

385 3606 465 3677 Quae
489 3614 586 3668 autem
609 3608 743 3670 locorum
765 3609 977 3670 attributorum
1001 3627 1070 3686 erga
1094 3608 1215 3688 oppida,
1241 3610 1350 3687 quibus
1373 3619 1417 3670 at-

299 3706 409 3768 tributa
433 3716 526 3778 eraut,
550 3711 662 3771 luerint
684 3713 788 3780 ollicia,
812 3711 892 3790 quod
914 3712 977 3781 ius,
1002 3713 1065 3770 eius
1087 3713 1268 3790 quaestionis
1290 3729 1418 3789 genera·

302 3879 603 3888 -—-—-—......⁴.--....

367 3980 413 4041 46)
432 3982 476 4030 Ite
493 3981 567 4031 falso
586 3981 692 4030 indicat
709 3985 835 4046 tempore
854 3986 882 4030 et
899 3981 1030 4031 instituta
1050 3981 1221 4030 confundens
1239 3979 1337 4045 Voigt‚
1358 3980 1421 4030 drei

301 4064 445 4130 epigraph.
465 4065 689 4116 Constitutionen
709 4065 888 4115 Constantine
906 4081 932 4129 p.
953 4067 1010 4117 103.

366 4148 416 4212 47)
446 4149 592 4200 Insolitum
620 4151 648 4199 in
676 4150 872 4215 Allobrogibus
899 4165 998 4200 nomen
1023 4151 1090 4214 pagi
1117 4149 1259 4198 confirmat
1284 4150 1422 4199 iudicium

300 4232 461 4283 Mommseni
480 4233 589 4284 titulum
600 4234 857 4293 Beeumontianum‚
878 4250 955 4298 quern
968 4234 1083 4284 Henzen
1096 4236 1210 4298 ‘recepit
1226 4249 1252 4282 n.
1273 4235 1351 4298 5922,
1371 4251 1423 4300 pro

301 4318 392 4380 spurio
411 4317 549 4370 habentis.

367 4398 411 4464 48)
430 4399 493 4452 isid.
513 4401 588 4471 OQ.
611 4404 650 4466 15,
670 4405 694 4461 2,
714 4405 754 4457 11.
