3184 5162
255 1367 456 1498 Quicunque
472 1411 678 1498 disciplinam
701 1414 857 1480 historiae
880 1394 911 1478 et
934 1415 1165 1500 antiquitatum
1187 1416 1287 1481 Grae·

162 1538 282 1580 carum
304 1523 337 1579 ct
351 1515 581 1596 Romanarum,
605 1515 709 1601 qualis
727 1517 884 1602 proximis
907 1517 957 1582 his
973 1519 1066 1582 annis
1088 1525 1289 1604 pertractata

164 1628 234 1700 est,
266 1617 453 1702 diligentius
483 1625 533 1680 est
554 1626 760 1701 persecutus,
790 1640 863 1682 eum
884 1641 950 1682 non
971 1618 1108 1704 fugerit,
1131 1629 1288 1707 quantum

163 1720 358 1784 incrementi
386 1720 448 1782 hae
477 1718 648 1800 scientiae,
677 1727 833 1806 quantum
865 1721 1026 1786 commodi
1048 1721 1214 1786 Romanae
1240 1723 1287 1786 in-

163 1823 281 1906 primis
304 1823 421 1886 aetatis
442 1821 671 1906 imperatoriae
692 1823 834 1904 cognitio
856 1824 980 1908 ceperit
1001 1844 1043 1886 ex
1063 1823 1208 1888 collectis
1230 1846 1290 1909 per

165 1945 295 1988 omnem
318 1923 430 1988 orbem
458 1923 627 2008 antiquum
654 1923 869 1986 monumentis
897 1925 1072 2008 inscriptis.
1117 1924 1188 1988 Iam
1210 1946 1287 1990 vero

164 2027 222 2112 qui
245 2025 309 2090 viri
341 2023 484 2088 illustres
512 2033 623 2088 nostra
651 2033 759 2088 aetate
785 2025 976 2110 inceperunt
1003 2032 1149 2089 veterum
1178 2027 1289 2090 inscri-

163 2128 315 2212 ptionum
337 2125 541 2191 collectiones
564 2148 651 2191 nova
671 2126 797 2190 ratione
818 2145 1027 2212 componere,
1056 2127 1210 2192 viderunt
1230 2127 1289 2191 hu·

164 2230 214 2292 ius
245 2229 388 2293 instituti
417 2227 591 2292 utilitatem
618 2248 684 2292 non
711 2228 875 2319 minimam
910 2229 944 2290 in
972 2249 1010 2292 eo
1039 2249 1111 2292 esse
1138 2229 1287 2313 positam,

164 2339 201 2395 ut
228 2329 346 2394 relicta
375 2331 500 2394 ratione
527 2351 699 2416 corporum
728 2329 917 2394 Gruteriani
951 2316 984 2395 et
1011 2330 1227 2395 Muratoriani
1255 2332 1290 2395 in

165 2432 379 2518 disponendis
406 2432 674 2520 inscriptionibus
703 2430 940 2516 geographicas
964 2441 1112 2497 servetur
1134 2433 1229 2514 ordo,
1253 2441 1290 2496 ut

164 2555 224 2619 per
247 2534 433 2619 provincias
457 2542 553 2620 atque
576 2533 696 2619 oppida
723 2541 791 2596 tam
819 2554 861 2597 ex
885 2534 965 2619 ipsis
987 2535 1203 2599 monumentis
1225 2535 1289 2600 col-

164 2634 313 2720 ligantur
335 2657 433 2720 quam
455 2636 489 2699 in
512 2635 708 2700 editionibus
737 2635 926 2699 ordinentur
954 2635 1040 2700 tituli
1068 2638 1208 2722 antiqui,
1238 2659 1290 2700 ea·

164 2759 230 2823 que
253 2738 379 2801 ratione
401 2738 576 2824 praecipue
599 2735 641 2800 ad
657 2737 830 2822 imperium
844 2737 1026 2802 Romanum
1049 2739 1205 2820 adhibita,
1229 2739 1287 2825 qui

164 2839 298 2924 legunt,
329 2841 422 2924 quasi
448 2839 565 2903 itinere
592 2861 651 2924 per
671 2839 844 2924 imperium
865 2837 954 2902 facto
976 2838 1073 2904 facile
1095 2861 1290 2924 cognoscere

163 2941 310 3026 possint,
346 2949 379 3005 et
410 2961 493 3026 quae
521 2941 638 3026 cuique
665 2941 793 3024 imperii
825 2941 911 3025 parti
939 2940 1118 3026 peculiaria
1145 2950 1178 3006 et
1206 2964 1289 3026 quae

164 3044 267 3108 totius
298 3042 426 3129 imperii
453 3043 637 3107 communia
663 3042 786 3107 fuerint
813 3043 974 3106 instituta.
1019 3043 1065 3106 At
1091 3065 1291 3129 quamquam

163 3144 322 3210 incohata
344 3152 469 3208 tantum
493 3152 542 3207 cst
569 3143 649 3208 haec
672 3143 836 3224 collectio,
866 3141 973 3208 tamen
1001 3144 1054 3208 vel
1083 3167 1166 3230 quae
1193 3143 1290 3208 hodie

163 3247 296 3332 cognita
326 3255 375 3310 est
402 3246 651 3332 inscriptionum
679 3245 898 3311 Romanarum
932 3247 1026 3331 copia
1054 3248 1132 3311 satis
1161 3247 1288 3332 probat,

164 3349 322 3414 habuisse
357 3348 489 3433 quidem
518 3347 662 3432 singulas
699 3348 827 3434 imperii
854 3349 992 3412 Romani
1021 3357 1129 3433 partes
1159 3349 1291 3433 propria

165 3449 330 3538 quaedam
352 3450 502 3514 instituta
524 3458 557 3513 et
577 3447 725 3534 inprimis
747 3471 902 3533 magnum
925 3471 996 3514 esse
1011 3447 1184 3515 discrimen
1205 3451 1291 3514 inter

166 3555 314 3620 Graecas
336 3551 521 3637 provincias
549 3551 722 3615 orientales
752 3559 785 3614 et
806 3551 940 3615 Latinas
970 3559 1080 3636 partes
1109 3552 1290 3617 occidenta-

165 3655 225 3735 leS,
250 3652 309 3718 sed
331 3655 417 3718 intra
438 3662 610 3740 utramque
633 3675 674 3716 ex
695 3653 846 3716 maximis
867 3651 918 3716 his
940 3653 1089 3738 partibus
1111 3653 1290 3718 minoribus

165 3755 317 3843 partibus
332 3755 427 3839 plura
442 3756 624 3818 communia
638 3755 723 3818 inter
738 3775 773 3818 se
789 3776 860 3819 esse
872 3778 968 3842 quam
985 3755 1124 3837 diversa,
1140 3755 1227 3846 unde
1242 3755 1288 3835 fit,

86 3881 89 3886 ¹
164 3859 253 3923 utin
273 3855 528 3942 uniuscuiusque
546 3857 733 3942 provinciae
752 3855 855 3920 titulis
871 3859 970 3922 totius
986 3851 1113 3942 imperii
1129 3857 1289 3944 quaedam

165 3960 245 4025 insit
260 3958 380 4042 imago.
417 3959 513 4024 Unde
534 3969 648 4024 natum
662 3957 756 4022 nobis
773 3966 825 4030 est
843 3959 1029 4039 consilium,
1048 3959 1135 4044 quod
1152 3961 1187 4023 in
1202 3957 1289 4023 colli-

166 4061 282 4147 gendis
311 4060 468 4126 historiae
490 4060 655 4124 Romanae
683 4058 828 4123 fontibus
857 4069 924 4124 tam
953 4060 1076 4124 utiliter
1104 4066 1290 4144 susceptum

167 4172 231 4245 est,
262 4161 305 4226 ad
325 4163 432 4247 ipsam
454 4162 623 4227 historiam
650 4160 868 4226 transferendi
896 4169 929 4226 et
950 4182 1048 4224 unam
1069 4159 1213 4246 aliquam
1234 4159 1289 4224 eli-

167 4265 266 4350 gendi
289 4265 499 4350 provinciam,
523 4264 616 4329 cuius
639 4262 818 4349 praemissa
839 4261 976 4326 historia
998 4269 1134 4326 externa
1156 4283 1196 4326 ex
1213 4263 1289 4326 scri-

167 4375 297 4453 ptorum
320 4366 514 4431 testimoniis
537 4365 720 4450 colligenda
741 4366 878 4445 interna,
902 4372 938 4428 ut
952 4365 999 4428 ita
1015 4363 1129 4445 dicam,
1153 4363 1290 4428 historia
