<?xml version="1.0" encoding="UTF-8"?>
<!DOCTYPE html PUBLIC "-//W3C//DTD XHTML 1.0 Transitional//EN"
    "http://www.w3.org/TR/xhtml1/DTD/xhtml1-transitional.dtd">
<html xmlns="http://www.w3.org/1999/xhtml" xml:lang="en" lang="en">
 <head>
  <title>
</title>
<meta http-equiv="Content-Type" content="text/html;charset=utf-8" />
  <meta name='ocr-system' content='tesseract 3.04.00' />
  <meta name='ocr-capabilities' content='ocr_page ocr_carea ocr_par ocr_line ocrx_word'/>
</head>
<body>
  <div class='ocr_page' id='page_1' title='image "./galliaenarbonen01herzgoog_0099.png"; bbox 0 0 3154 5162; ppageno 0'>
   <div class='ocr_carea' id='block_1_1' title="bbox 492 439 1213 533">
    <p class='ocr_par' dir='ltr' id='par_1_1' title="bbox 492 439 1213 533">
     <span class='ocr_line' id='line_1_1' title="bbox 492 439 1213 533; baseline -0.001 -11"><span class='ocrx_word' id='word_1_1' title='bbox 492 465 578 524; x_wconf 77' lang='lat' dir='ltr'>raas</span> <span class='ocrx_word' id='word_1_2' title='bbox 599 465 618 522; x_wconf 87' lang='lat'>1.</span> <span class='ocrx_word' id='word_1_3' title='bbox 662 465 769 524; x_wconf 80' lang='lat' dir='ltr'>cnrvr</span> <span class='ocrx_word' id='word_1_4' title='bbox 791 465 820 524; x_wconf 90' lang='lat' dir='ltr'>n.</span> <span class='ocrx_word' id='word_1_5' title='bbox 910 439 916 444; x_wconf 70' lang='grc'><strong>’</strong></span> <span class='ocrx_word' id='word_1_6' title='bbox 1174 470 1213 533; x_wconf 70' lang='grc'>83</span> 
     </span>
    </p>
   </div>
   <div class='ocr_carea' id='block_1_2' title="bbox 20 627 1214 715">
    <p class='ocr_par' dir='ltr' id='par_1_2' title="bbox 20 627 1214 715">
     <span class='ocr_line' id='line_1_2' title="bbox 20 627 1214 715; baseline 0.001 -21"><span class='ocrx_word' id='word_1_7' title='bbox 20 691 21 694; x_wconf 74' lang='grc'>,</span> <span class='ocrx_word' id='word_1_8' title='bbox 107 634 159 695; x_wconf 90' lang='lat' dir='ltr'>situ</span> <span class='ocrx_word' id='word_1_9' title='bbox 179 635 236 696; x_wconf 91' lang='lat' dir='ltr'>iam</span> <span class='ocrx_word' id='word_1_10' title='bbox 259 633 366 696; x_wconf 83' lang='lat' dir='ltr'>Caesar</span> <span class='ocrx_word' id='word_1_11' title='bbox 388 640 492 696; x_wconf 91' lang='lat' dir='ltr'>contra</span> <span class='ocrx_word' id='word_1_12' title='bbox 513 631 712 696; x_wconf 81' lang='lat' dir='ltr'>Massilienses</span> <span class='ocrx_word' id='word_1_13' title='bbox 734 653 807 696; x_wconf 88' lang='lat' dir='ltr'>usus</span> <span class='ocrx_word' id='word_1_14' title='bbox 823 641 895 705; x_wconf 86' lang='lat' dir='ltr'>erat,</span> <span class='ocrx_word' id='word_1_15' title='bbox 920 652 987 696; x_wconf 89' lang='lat' dir='ltr'>eum</span> <span class='ocrx_word' id='word_1_16' title='bbox 1011 652 1047 695; x_wconf 87' lang='lat' dir='ltr'>eo</span> <span class='ocrx_word' id='word_1_17' title='bbox 1068 637 1134 715; x_wconf 91' lang='lat' dir='ltr'>ipso</span> <span class='ocrx_word' id='word_1_18' title='bbox 1148 627 1214 696; x_wconf 86' lang='lat' dir='ltr'>loco</span> 
     </span>
    </p>
   </div>
   <div class='ocr_carea' id='block_1_3' title="bbox 20 735 1214 918">
    <p class='ocr_par' dir='ltr' id='par_1_3' title="bbox 20 735 1214 918">
     <span class='ocr_line' id='line_1_3' title="bbox 20 735 1214 807; baseline 0.002 -10"><span class='ocrx_word' id='word_1_19' title='bbox 20 777 22 782; x_wconf 81' lang='lat'><em>·</em></span> <span class='ocrx_word' id='word_1_20' title='bbox 107 738 156 798; x_wconf 88' lang='lat' dir='ltr'>sila</span> <span class='ocrx_word' id='word_1_21' title='bbox 176 743 268 807; x_wconf 88' lang='lat' dir='ltr'>esset,</span> <span class='ocrx_word' id='word_1_22' title='bbox 297 737 377 798; x_wconf 90' lang='lat' dir='ltr'>unde</span> <span class='ocrx_word' id='word_1_23' title='bbox 405 738 436 798; x_wconf 93' lang='lat' dir='ltr'>in</span> <span class='ocrx_word' id='word_1_24' title='bbox 464 735 581 798; x_wconf 84' lang='lat' dir='ltr'>diversa</span> <span class='ocrx_word' id='word_1_25' title='bbox 608 738 684 799; x_wconf 89' lang='lat' dir='ltr'>ostia</span> <span class='ocrx_word' id='word_1_26' title='bbox 705 735 868 799; x_wconf 82' lang='lat' dir='ltr'>Rhodanus</span> <span class='ocrx_word' id='word_1_27' title='bbox 890 735 1044 807; x_wconf 90' lang='lat' dir='ltr'>dividitur,</span> <span class='ocrx_word' id='word_1_28' title='bbox 1075 744 1105 797; x_wconf 89' lang='lat' dir='ltr'>et</span> <span class='ocrx_word' id='word_1_29' title='bbox 1133 739 1214 799; x_wconf 89' lang='lat' dir='ltr'>omni</span> 
     </span>
     <span class='ocr_line' id='line_1_4' title="bbox 20 837 1213 918; baseline 0 -20"><span class='ocrx_word' id='word_1_30' title='bbox 20 895 21 898; x_wconf 74' lang='grc'>,</span> <span class='ocrx_word' id='word_1_31' title='bbox 106 856 154 918; x_wconf 92' lang='lat' dir='ltr'>per</span> <span class='ocrx_word' id='word_1_32' title='bbox 174 838 245 901; x_wconf 95' lang='lat' dir='ltr'>illud</span> <span class='ocrx_word' id='word_1_33' title='bbox 268 837 379 900; x_wconf 89' lang='lat' dir='ltr'>llumen</span> <span class='ocrx_word' id='word_1_34' title='bbox 402 840 599 910; x_wconf 90' lang='lat' dir='ltr'>commercio,</span> <span class='ocrx_word' id='word_1_35' title='bbox 624 839 703 917; x_wconf 90' lang='lat' dir='ltr'>quod</span> <span class='ocrx_word' id='word_1_36' title='bbox 723 839 922 918; x_wconf 89' lang='lat' dir='ltr'>aLuguduno</span> <span class='ocrx_word' id='word_1_37' title='bbox 937 857 1020 900; x_wconf 92' lang='lat' dir='ltr'>mare</span> <span class='ocrx_word' id='word_1_38' title='bbox 1035 856 1140 901; x_wconf 89' lang='lat' dir='ltr'>versus</span> <span class='ocrx_word' id='word_1_39' title='bbox 1163 839 1213 898; x_wconf 89' lang='lat' dir='ltr'>de-</span> 
     </span>
    </p>
   </div>
   <div class='ocr_carea' id='block_1_4' title="bbox 20 939 1258 4076">
    <p class='ocr_par' dir='ltr' id='par_1_4' title="bbox 105 939 1258 1532">
     <span class='ocr_line' id='line_1_5' title="bbox 106 939 1213 1022; baseline 0 -22"><span class='ocrx_word' id='word_1_40' title='bbox 106 939 270 1012; x_wconf 85' lang='lat' dir='ltr'>scendebat,</span> <span class='ocrx_word' id='word_1_41' title='bbox 297 939 454 1002; x_wconf 78' lang='lat' dir='ltr'><strong>fruebatur</strong></span> <span class='ocrx_word' id='word_1_42' title='bbox 477 942 606 1021; x_wconf 88' lang='lat' dir='ltr'>etipsa,</span> <span class='ocrx_word' id='word_1_43' title='bbox 637 957 832 1020; x_wconf 88' lang='lat' dir='ltr'>quaecunque</span> <span class='ocrx_word' id='word_1_44' title='bbox 859 943 891 1002; x_wconf 91' lang='lat' dir='ltr'>in</span> <span class='ocrx_word' id='word_1_45' title='bbox 918 943 998 1020; x_wconf 85' lang='lat' dir='ltr'>agris</span> <span class='ocrx_word' id='word_1_46' title='bbox 1024 942 1086 1001; x_wconf 79' lang='lat' dir='ltr'>suis</span> <span class='ocrx_word' id='word_1_47' title='bbox 1107 958 1213 1022; x_wconf 90' lang='lat' dir='ltr'>prove·</span> 
     </span>
     <span class='ocr_line' id='line_1_6' title="bbox 105 1039 1212 1124; baseline 0 -22"><span class='ocrx_word' id='word_1_48' title='bbox 105 1039 226 1113; x_wconf 88' lang='lat' dir='ltr'>nichant,</span> <span class='ocrx_word' id='word_1_49' title='bbox 249 1041 336 1104; x_wconf 89' lang='lat' dir='ltr'>laeile</span> <span class='ocrx_word' id='word_1_50' title='bbox 359 1041 395 1103; x_wconf 94' lang='lat' dir='ltr'>ad</span> <span class='ocrx_word' id='word_1_51' title='bbox 417 1061 500 1104; x_wconf 92' lang='lat' dir='ltr'>mare</span> <span class='ocrx_word' id='word_1_52' title='bbox 520 1043 712 1124; x_wconf 82' lang='lat' dir='ltr'><strong>provehebat.</strong></span> <span class='ocrx_word' id='word_1_53' title='bbox 758 1044 893 1105; x_wconf 87' lang='lat' dir='ltr'>Forum</span> <span class='ocrx_word' id='word_1_54' title='bbox 915 1043 1043 1120; x_wconf 90' lang='lat' dir='ltr'>denique</span> <span class='ocrx_word' id='word_1_55' title='bbox 1065 1042 1212 1112; x_wconf 88' lang='lat' dir='ltr'>lulium,</span> 
     </span>
     <span class='ocr_line' id='line_1_7' title="bbox 106 1141 1214 1229; baseline 0.001 -25"><span class='ocrx_word' id='word_1_56' title='bbox 106 1159 174 1221; x_wconf 89' lang='lat' dir='ltr'>qnae</span> <span class='ocrx_word' id='word_1_57' title='bbox 200 1143 315 1205; x_wconf 89' lang='lat' dir='ltr'>colonia</span> <span class='ocrx_word' id='word_1_58' title='bbox 345 1143 473 1229; x_wconf 84' lang='lat' dir='ltr'>Classica</span> <span class='ocrx_word' id='word_1_59' title='bbox 503 1144 707 1225; x_wconf 79' lang='lat' dir='ltr'>appellabatur</span> <span class='ocrx_word' id='word_1_60' title='bbox 735 1163 769 1205; x_wconf 90' lang='lat' dir='ltr'>ao</span> <span class='ocrx_word' id='word_1_61' title='bbox 791 1141 990 1223; x_wconf 68' lang='lat' dir='ltr'>Pacensis21),</span> <span class='ocrx_word' id='word_1_62' title='bbox 1019 1163 1085 1206; x_wconf 89' lang='lat' dir='ltr'>cum</span> <span class='ocrx_word' id='word_1_63' title='bbox 1108 1146 1214 1205; x_wconf 90' lang='lat' dir='ltr'>unicus</span> 
     </span>
     <span class='ocr_line' id='line_1_8' title="bbox 105 1243 1214 1327; baseline 0.001 -22"><span class='ocrx_word' id='word_1_64' title='bbox 105 1243 296 1308; x_wconf 85' lang='lat' dir='ltr'>Romanorum</span> <span class='ocrx_word' id='word_1_65' title='bbox 329 1263 386 1326; x_wconf 88' lang='lat' dir='ltr'>per</span> <span class='ocrx_word' id='word_1_66' title='bbox 419 1248 518 1308; x_wconf 90' lang='lat' dir='ltr'>sinum</span> <span class='ocrx_word' id='word_1_67' title='bbox 551 1247 735 1326; x_wconf 77' lang='lat' dir='ltr'>Ligusticum</span> <span class='ocrx_word' id='word_1_68' title='bbox 768 1254 873 1327; x_wconf 87' lang='lat' dir='ltr'>portus</span> <span class='ocrx_word' id='word_1_69' title='bbox 906 1253 1000 1316; x_wconf 88' lang='lat' dir='ltr'>esset,</span> <span class='ocrx_word' id='word_1_70' title='bbox 1035 1246 1214 1308; x_wconf 86' lang='lat' dir='ltr'>destinatum</span> 
     </span>
     <span class='ocr_line' id='line_1_9' title="bbox 107 1347 1258 1429; baseline 0.002 -23"><span class='ocrx_word' id='word_1_71' title='bbox 107 1354 163 1407; x_wconf 88' lang='lat' dir='ltr'>erat</span> <span class='ocrx_word' id='word_1_72' title='bbox 184 1363 250 1409; x_wconf 88' lang='lat' dir='ltr'>curn</span> <span class='ocrx_word' id='word_1_73' title='bbox 272 1347 310 1409; x_wconf 94' lang='lat' dir='ltr'>ad</span> <span class='ocrx_word' id='word_1_74' title='bbox 333 1347 489 1410; x_wconf 88' lang='lat' dir='ltr'>tutandum</span> <span class='ocrx_word' id='word_1_75' title='bbox 511 1367 527 1408; x_wconf 90' lang='lat' dir='ltr'>a</span> <span class='ocrx_word' id='word_1_76' title='bbox 548 1350 653 1428; x_wconf 87' lang='lat' dir='ltr'>piratis</span> <span class='ocrx_word' id='word_1_77' title='bbox 680 1347 754 1410; x_wconf 92' lang='lat' dir='ltr'>illud</span> <span class='ocrx_word' id='word_1_78' title='bbox 776 1349 846 1410; x_wconf 91' lang='lat' dir='ltr'>litus</span> <span class='ocrx_word' id='word_1_79' title='bbox 868 1355 931 1410; x_wconf 91' lang='lat' dir='ltr'>tum</span> <span class='ocrx_word' id='word_1_80' title='bbox 954 1348 990 1408; x_wconf 92' lang='lat' dir='ltr'>ad</span> <span class='ocrx_word' id='word_1_81' title='bbox 1012 1349 1214 1429; x_wconf 88' lang='lat' dir='ltr'>recipiendam</span> <span class='ocrx_word' id='word_1_82' title='bbox 1256 1383 1258 1387; x_wconf 93' lang='lat'>·</span> 
     </span>
     <span class='ocr_line' id='line_1_10' title="bbox 105 1447 1211 1532; baseline 0.003 -23"><span class='ocrx_word' id='word_1_83' title='bbox 105 1447 221 1510; x_wconf 90' lang='lat' dir='ltr'>classem</span> <span class='ocrx_word' id='word_1_84' title='bbox 235 1449 418 1519; x_wconf 77' lang='lat' dir='ltr'>Romanam,</span> <span class='ocrx_word' id='word_1_85' title='bbox 434 1467 511 1528; x_wconf 88' lang='lat' dir='ltr'>quac</span> <span class='ocrx_word' id='word_1_86' title='bbox 533 1468 588 1530; x_wconf 91' lang='lat' dir='ltr'>per</span> <span class='ocrx_word' id='word_1_87' title='bbox 609 1468 692 1511; x_wconf 89' lang='lat' dir='ltr'>mare</span> <span class='ocrx_word' id='word_1_88' title='bbox 707 1450 898 1532; x_wconf 77' lang='lat' dir='ltr'>Tyrrheurnn</span> <span class='ocrx_word' id='word_1_89' title='bbox 920 1457 1000 1512; x_wconf 88' lang='lat' dir='ltr'>essct</span> <span class='ocrx_word' id='word_1_90' title='bbox 1020 1449 1211 1530; x_wconf 88' lang='lat' dir='ltr'>disponenda.</span> 
     </span>
    </p>

    <p class='ocr_par' dir='ltr' id='par_1_5' title="bbox 20 1549 1215 4076">
     <span class='ocr_line' id='line_1_11' title="bbox 179 1549 1212 1633; baseline 0 -21"><span class='ocrx_word' id='word_1_91' title='bbox 179 1552 222 1612; x_wconf 84' lang='lat' dir='ltr'>Ex</span> <span class='ocrx_word' id='word_1_92' title='bbox 244 1549 354 1629; x_wconf 88' lang='lat' dir='ltr'>quibus</span> <span class='ocrx_word' id='word_1_93' title='bbox 376 1551 514 1624; x_wconf 90' lang='lat' dir='ltr'>coloniis,</span> <span class='ocrx_word' id='word_1_94' title='bbox 538 1559 572 1613; x_wconf 90' lang='lat' dir='ltr'>ut</span> <span class='ocrx_word' id='word_1_95' title='bbox 594 1571 684 1633; x_wconf 91' lang='lat' dir='ltr'>supra</span> <span class='ocrx_word' id='word_1_96' title='bbox 705 1555 764 1615; x_wconf 91' lang='lat' dir='ltr'>iam</span> <span class='ocrx_word' id='word_1_97' title='bbox 786 1553 924 1623; x_wconf 83' lang='lat' dir='ltr'>diximus,</span> <span class='ocrx_word' id='word_1_98' title='bbox 949 1553 1116 1622; x_wconf 88' lang='lat' dir='ltr'>Baeterrae,</span> <span class='ocrx_word' id='word_1_99' title='bbox 1139 1554 1212 1614; x_wconf 86' lang='lat' dir='ltr'>dre·</span> 
     </span>
     <span class='ocr_line' id='line_1_12' title="bbox 104 1641 1213 1732; baseline 0.005 -21"><span class='ocrx_word' id='word_1_100' title='bbox 104 1649 163 1722; x_wconf 89' lang='lat' dir='ltr'>late,</span> <span class='ocrx_word' id='word_1_101' title='bbox 185 1653 298 1714; x_wconf 87' lang='lat' dir='ltr'>Forum</span> <span class='ocrx_word' id='word_1_102' title='bbox 319 1652 387 1715; x_wconf 89' lang='lat' dir='ltr'>lulii</span> <span class='ocrx_word' id='word_1_103' title='bbox 414 1671 519 1732; x_wconf 88' lang='lat' dir='ltr'>agrum</span> <span class='ocrx_word' id='word_1_104' title='bbox 545 1653 710 1726; x_wconf 90' lang='lat' dir='ltr'>habebant,</span> <span class='ocrx_word' id='word_1_105' title='bbox 740 1656 792 1732; x_wconf 88' lang='lat' dir='ltr'>qui</span> <span class='ocrx_word' id='word_1_106' title='bbox 819 1662 906 1718; x_wconf 87' lang='lat' dir='ltr'>antea</span> <span class='ocrx_word' id='word_1_107' title='bbox 932 1641 1031 1716; x_wconf 83' lang='lat' dir='ltr'>luerat</span> <span class='ocrx_word' id='word_1_108' title='bbox 1052 1655 1213 1716; x_wconf 87' lang='lat' dir='ltr'>Massilien-</span> 
     </span>
     <span class='ocr_line' id='line_1_13' title="bbox 20 1753 1213 1838; baseline 0.003 -26"><span class='ocrx_word' id='word_1_109' title='bbox 20 1765 21 1770; x_wconf 74' lang='grc'>’</span> <span class='ocrx_word' id='word_1_110' title='bbox 105 1753 188 1823; x_wconf 89' lang='lat' dir='ltr'>sium;</span> <span class='ocrx_word' id='word_1_111' title='bbox 210 1769 340 1832; x_wconf 88' lang='lat' dir='ltr'>namque</span> <span class='ocrx_word' id='word_1_112' title='bbox 362 1757 538 1817; x_wconf 81' lang='lat' dir='ltr'>constiterat</span> <span class='ocrx_word' id='word_1_113' title='bbox 555 1763 709 1838; x_wconf 87' lang='lat' dir='ltr'>postremo</span> <span class='ocrx_word' id='word_1_114' title='bbox 731 1763 867 1837; x_wconf 89' lang='lat' dir='ltr'>tempore</span> <span class='ocrx_word' id='word_1_115' title='bbox 895 1756 984 1818; x_wconf 88' lang='lat' dir='ltr'>huius</span> <span class='ocrx_word' id='word_1_116' title='bbox 1012 1756 1097 1818; x_wconf 88' lang='lat' dir='ltr'>urbis</span> <span class='ocrx_word' id='word_1_117' title='bbox 1125 1757 1213 1817; x_wconf 91' lang='lat' dir='ltr'>terri·</span> 
     </span>
     <span class='ocr_line' id='line_1_14' title="bbox 103 1855 1215 1938; baseline 0.003 -24"><span class='ocrx_word' id='word_1_118' title='bbox 103 1857 205 1916; x_wconf 86' lang='lat' dir='ltr'>lorium</span> <span class='ocrx_word' id='word_1_119' title='bbox 229 1875 264 1918; x_wconf 82' lang='lat' dir='ltr'>cx</span> <span class='ocrx_word' id='word_1_120' title='bbox 289 1855 414 1918; x_wconf 89' lang='lat' dir='ltr'>coloniis</span> <span class='ocrx_word' id='word_1_121' title='bbox 437 1857 558 1920; x_wconf 88' lang='lat' dir='ltr'>Graecis</span> <span class='ocrx_word' id='word_1_122' title='bbox 580 1877 635 1938; x_wconf 91' lang='lat' dir='ltr'>per</span> <span class='ocrx_word' id='word_1_123' title='bbox 658 1876 742 1919; x_wconf 92' lang='lat' dir='ltr'>oram</span> <span class='ocrx_word' id='word_1_124' title='bbox 764 1858 922 1938; x_wconf 90' lang='lat' dir='ltr'>dispersis,</span> <span class='ocrx_word' id='word_1_125' title='bbox 954 1876 991 1918; x_wconf 84' lang='lat' dir='ltr'>ex</span> <span class='ocrx_word' id='word_1_126' title='bbox 1013 1859 1162 1919; x_wconf 78' lang='lat' dir='ltr'>Avenioue</span> <span class='ocrx_word' id='word_1_127' title='bbox 1186 1863 1215 1918; x_wconf 91' lang='lat' dir='ltr'>et</span> 
     </span>
     <span class='ocr_line' id='line_1_15' title="bbox 104 1955 1213 2039; baseline 0.003 -22"><span class='ocrx_word' id='word_1_128' title='bbox 104 1955 263 2024; x_wconf 82' lang='lat' dir='ltr'>Cabellione</span> <span class='ocrx_word' id='word_1_129' title='bbox 292 1959 328 2020; x_wconf 94' lang='lat' dir='ltr'>ad</span> <span class='ocrx_word' id='word_1_130' title='bbox 355 1960 530 2022; x_wconf 77' lang='lat' dir='ltr'>inferiorem</span> <span class='ocrx_word' id='word_1_131' title='bbox 557 1959 730 2022; x_wconf 86' lang='lat' dir='ltr'>Druentiam</span> <span class='ocrx_word' id='word_1_132' title='bbox 760 1961 838 2029; x_wconf 89' lang='lat' dir='ltr'>sitis,</span> <span class='ocrx_word' id='word_1_133' title='bbox 874 1977 910 2020; x_wconf 84' lang='lat' dir='ltr'>ex</span> <span class='ocrx_word' id='word_1_134' title='bbox 938 1958 1058 2039; x_wconf 84' lang='lat' dir='ltr'>Oxyhiis</span> <span class='ocrx_word' id='word_1_135' title='bbox 1086 1960 1213 2020; x_wconf 87' lang='lat' dir='ltr'>Deciati-</span> 
     </span>
     <span class='ocr_line' id='line_1_16' title="bbox 20 2057 1212 2142; baseline -0.002 -22"><span class='ocrx_word' id='word_1_136' title='bbox 20 2109 22 2134; x_wconf 71' lang='lat'>,</span> <span class='ocrx_word' id='word_1_137' title='bbox 103 2057 209 2137; x_wconf 85' lang='lat' dir='ltr'>busque</span> <span class='ocrx_word' id='word_1_138' title='bbox 231 2060 269 2122; x_wconf 89' lang='lat' dir='ltr'>ab</span> <span class='ocrx_word' id='word_1_139' title='bbox 292 2059 410 2142; x_wconf 80' lang='lat' dir='ltr'>Opimio</span> <span class='ocrx_word' id='word_1_140' title='bbox 439 2061 509 2122; x_wconf 91' lang='lat' dir='ltr'>olim</span> <span class='ocrx_word' id='word_1_141' title='bbox 537 2061 685 2124; x_wconf 82' lang='lat' dir='ltr'>Massiliae</span> <span class='ocrx_word' id='word_1_142' title='bbox 711 2062 884 2140; x_wconf 86' lang='lat' dir='ltr'>assignatis,</span> <span class='ocrx_word' id='word_1_143' title='bbox 914 2078 950 2119; x_wconf 83' lang='lat' dir='ltr'>ex</span> <span class='ocrx_word' id='word_1_144' title='bbox 979 2059 1077 2120; x_wconf 82' lang='lat' dir='ltr'>Volcis</span> <span class='ocrx_word' id='word_1_145' title='bbox 1104 2063 1212 2121; x_wconf 84' lang='lat' dir='ltr'>Areco-</span> 
     </span>
     <span class='ocr_line' id='line_1_17' title="bbox 20 2159 1213 2243; baseline 0 -23"><span class='ocrx_word' id='word_1_146' title='bbox 20 2183 22 2212; x_wconf 47' lang='grc' dir='ltr'>ς</span> <span class='ocrx_word' id='word_1_147' title='bbox 103 2161 179 2222; x_wconf 88' lang='lat' dir='ltr'>micis</span> <span class='ocrx_word' id='word_1_148' title='bbox 199 2162 372 2241; x_wconf 79' lang='lat' dir='ltr'>Helviisque</span> <span class='ocrx_word' id='word_1_149' title='bbox 401 2181 418 2224; x_wconf 94' lang='lat' dir='ltr'>a</span> <span class='ocrx_word' id='word_1_150' title='bbox 446 2163 498 2225; x_wconf 82' lang='lat' dir='ltr'>Gn.</span> <span class='ocrx_word' id='word_1_151' title='bbox 522 2164 681 2243; x_wconf 93' lang='lat' dir='ltr'>Pompeio,</span> <span class='ocrx_word' id='word_1_152' title='bbox 711 2181 748 2223; x_wconf 84' lang='lat' dir='ltr'>ex</span> <span class='ocrx_word' id='word_1_153' title='bbox 776 2161 911 2223; x_wconf 88' lang='lat' dir='ltr'>Salluviis</span> <span class='ocrx_word' id='word_1_154' title='bbox 939 2159 1068 2240; x_wconf 88' lang='lat' dir='ltr'>denique</span> <span class='ocrx_word' id='word_1_155' title='bbox 1096 2180 1112 2221; x_wconf 90' lang='lat' dir='ltr'>a</span> <span class='ocrx_word' id='word_1_156' title='bbox 1139 2160 1213 2222; x_wconf 90' lang='lat' dir='ltr'>lulio</span> 
     </span>
     <span class='ocr_line' id='line_1_18' title="bbox 20 2261 1213 2344; baseline -0.001 -21"><span class='ocrx_word' id='word_1_157' title='bbox 20 2263 21 2334; x_wconf 56' lang='lat' dir='ltr'>i</span> <span class='ocrx_word' id='word_1_158' title='bbox 104 2261 219 2326; x_wconf 84' lang='lat' dir='ltr'>(laesere</span> <span class='ocrx_word' id='word_1_159' title='bbox 241 2265 365 2327; x_wconf 88' lang='lat' dir='ltr'>adiectis</span> <span class='ocrx_word' id='word_1_160' title='bbox 388 2266 450 2326; x_wconf 84' lang='lat' dir='ltr'>sive</span> <span class='ocrx_word' id='word_1_161' title='bbox 472 2283 509 2325; x_wconf 79' lang='lat' dir='ltr'>ex</span> <span class='ocrx_word' id='word_1_162' title='bbox 531 2267 613 2327; x_wconf 88' lang='lat' dir='ltr'>omni</span> <span class='ocrx_word' id='word_1_163' title='bbox 635 2281 706 2344; x_wconf 86' lang='lat' dir='ltr'>agro</span> <span class='ocrx_word' id='word_1_164' title='bbox 729 2266 779 2342; x_wconf 90' lang='lat' dir='ltr'>qui</span> <span class='ocrx_word' id='word_1_165' title='bbox 806 2266 953 2325; x_wconf 85' lang='lat' dir='ltr'>intererat</span> <span class='ocrx_word' id='word_1_166' title='bbox 972 2264 1051 2324; x_wconf 87' lang='lat' dir='ltr'>iuter</span> <span class='ocrx_word' id='word_1_167' title='bbox 1070 2262 1213 2342; x_wconf 75' lang='lat' dir='ltr'>agatham</span> 
     </span>
     <span class='ocr_line' id='line_1_19' title="bbox 20 2363 1212 2448; baseline 0.002 -24"><span class='ocrx_word' id='word_1_168' title='bbox 20 2403 22 2448; x_wconf 66' lang='lat' dir='ltr'>t</span> <span class='ocrx_word' id='word_1_169' title='bbox 103 2370 130 2424; x_wconf 80' lang='lat' dir='ltr'>ct</span> <span class='ocrx_word' id='word_1_170' title='bbox 148 2366 300 2438; x_wconf 79' lang='lat' dir='ltr'>Nicaeam,</span> <span class='ocrx_word' id='word_1_171' title='bbox 327 2368 407 2428; x_wconf 89' lang='lat' dir='ltr'>inter</span> <span class='ocrx_word' id='word_1_172' title='bbox 428 2368 537 2428; x_wconf 87' lang='lat' dir='ltr'>montis</span> <span class='ocrx_word' id='word_1_173' title='bbox 561 2365 722 2428; x_wconf 84' lang='lat' dir='ltr'>Cebennici</span> <span class='ocrx_word' id='word_1_174' title='bbox 742 2373 858 2446; x_wconf 86' lang='lat' dir='ltr'>partem</span> <span class='ocrx_word' id='word_1_175' title='bbox 882 2363 1071 2436; x_wconf 89' lang='lat' dir='ltr'>orientalem,</span> <span class='ocrx_word' id='word_1_176' title='bbox 1095 2365 1212 2426; x_wconf 88' lang='lat' dir='ltr'>Druen-</span> 
     </span>
     <span class='ocr_line' id='line_1_20' title="bbox 20 2453 1211 2545; baseline -0.001 -18"><span class='ocrx_word' id='word_1_177' title='bbox 20 2453 22 2492; x_wconf 69' lang='lat'>²</span> <span class='ocrx_word' id='word_1_178' title='bbox 103 2467 165 2528; x_wconf 88' lang='lat' dir='ltr'>tiam</span> <span class='ocrx_word' id='word_1_179' title='bbox 184 2470 370 2539; x_wconf 74' lang='lat' dir='ltr'>inferiorem,</span> <span class='ocrx_word' id='word_1_180' title='bbox 393 2476 513 2530; x_wconf 91' lang='lat' dir='ltr'>montes</span> <span class='ocrx_word' id='word_1_181' title='bbox 535 2467 734 2530; x_wconf 84' lang='lat' dir='ltr'>Salluviorum</span> <span class='ocrx_word' id='word_1_182' title='bbox 758 2475 788 2530; x_wconf 89' lang='lat' dir='ltr'>et</span> <span class='ocrx_word' id='word_1_183' title='bbox 809 2470 894 2530; x_wconf 88' lang='lat' dir='ltr'>sinus</span> <span class='ocrx_word' id='word_1_184' title='bbox 917 2467 1063 2530; x_wconf 88' lang='lat' dir='ltr'>Gallicum</span> <span class='ocrx_word' id='word_1_185' title='bbox 1085 2466 1211 2545; x_wconf 88' lang='lat' dir='ltr'>Ligusti-</span> 
     </span>
     <span class='ocr_line' id='line_1_21' title="bbox 20 2567 1214 2654; baseline -0.001 -26"><span class='ocrx_word' id='word_1_186' title='bbox 20 2605 23 2654; x_wconf 39' lang='grc' dir='ltr'>ἶ</span> <span class='ocrx_word' id='word_1_187' title='bbox 103 2583 230 2648; x_wconf 86' lang='lat' dir='ltr'>cumque.</span> <span class='ocrx_word' id='word_1_188' title='bbox 276 2571 315 2634; x_wconf 77' lang='lat' dir='ltr'>lt</span> <span class='ocrx_word' id='word_1_189' title='bbox 336 2570 425 2632; x_wconf 87' lang='lat' dir='ltr'>huius</span> <span class='ocrx_word' id='word_1_190' title='bbox 447 2571 592 2632; x_wconf 89' lang='lat' dir='ltr'>territorii</span> <span class='ocrx_word' id='word_1_191' title='bbox 619 2589 679 2632; x_wconf 88' lang='lat' dir='ltr'>non</span> <span class='ocrx_word' id='word_1_192' title='bbox 707 2571 766 2631; x_wconf 89' lang='lat' dir='ltr'>nisi</span> <span class='ocrx_word' id='word_1_193' title='bbox 787 2572 885 2634; x_wconf 89' lang='lat' dir='ltr'>minor</span> <span class='ocrx_word' id='word_1_194' title='bbox 906 2589 975 2651; x_wconf 92' lang='lat' dir='ltr'>pars</span> <span class='ocrx_word' id='word_1_195' title='bbox 998 2588 1015 2630; x_wconf 94' lang='lat' dir='ltr'>a</span> <span class='ocrx_word' id='word_1_196' title='bbox 1038 2569 1134 2631; x_wconf 86' lang='lat' dir='ltr'>trihus</span> <span class='ocrx_word' id='word_1_197' title='bbox 1155 2567 1214 2629; x_wconf 90' lang='lat' dir='ltr'>illis</span> 
     </span>
     <span class='ocr_line' id='line_1_22' title="bbox 21 2669 1213 2753; baseline 0 -23"><span class='ocrx_word' id='word_1_198' title='bbox 21 2671 23 2722; x_wconf 82' lang='lat' dir='ltr'>t</span> <span class='ocrx_word' id='word_1_199' title='bbox 102 2669 217 2733; x_wconf 88' lang='lat' dir='ltr'>coloniis</span> <span class='ocrx_word' id='word_1_200' title='bbox 245 2678 292 2734; x_wconf 88' lang='lat' dir='ltr'>cst</span> <span class='ocrx_word' id='word_1_201' title='bbox 320 2680 477 2753; x_wconf 89' lang='lat' dir='ltr'>occupata:</span> <span class='ocrx_word' id='word_1_202' title='bbox 508 2690 580 2751; x_wconf 86' lang='lat' dir='ltr'>ergo</span> <span class='ocrx_word' id='word_1_203' title='bbox 608 2674 777 2750; x_wconf 85' lang='lat' dir='ltr'>quaeritur,</span> <span class='ocrx_word' id='word_1_204' title='bbox 807 2672 879 2750; x_wconf 90' lang='lat' dir='ltr'>quid</span> <span class='ocrx_word' id='word_1_205' title='bbox 907 2672 944 2732; x_wconf 90' lang='lat' dir='ltr'>de</span> <span class='ocrx_word' id='word_1_206' title='bbox 972 2671 1088 2748; x_wconf 89' lang='lat' dir='ltr'>reliquo</span> <span class='ocrx_word' id='word_1_207' title='bbox 1111 2671 1213 2734; x_wconf 90' lang='lat' dir='ltr'>Massi·</span> 
     </span>
     <span class='ocr_line' id='line_1_23' title="bbox 21 2768 1214 2853; baseline 0.004 -25"><span class='ocrx_word' id='word_1_208' title='bbox 21 2787 23 2828; x_wconf 68' lang='lat' dir='ltr'>r</span> <span class='ocrx_word' id='word_1_209' title='bbox 101 2768 230 2836; x_wconf 88' lang='lat' dir='ltr'>liensium</span> <span class='ocrx_word' id='word_1_210' title='bbox 263 2791 337 2853; x_wconf 82' lang='lat' dir='ltr'>agro</span> <span class='ocrx_word' id='word_1_211' title='bbox 372 2776 483 2837; x_wconf 86' lang='lat' dir='ltr'>lactum</span> <span class='ocrx_word' id='word_1_212' title='bbox 515 2776 561 2835; x_wconf 86' lang='lat' dir='ltr'>sit</span> <span class='ocrx_word' id='word_1_213' title='bbox 612 2774 782 2836; x_wconf 86' lang='lat' dir='ltr'>Retinnisse</span> <span class='ocrx_word' id='word_1_214' title='bbox 816 2791 868 2835; x_wconf 90' lang='lat' dir='ltr'>eos</span> <span class='ocrx_word' id='word_1_215' title='bbox 901 2772 1046 2851; x_wconf 87' lang='lat' dir='ltr'>quaedam</span> <span class='ocrx_word' id='word_1_216' title='bbox 1080 2774 1214 2850; x_wconf 87' lang='lat' dir='ltr'>quamvis</span> 
     </span>
     <span class='ocr_line' id='line_1_24' title="bbox 22 2873 1212 2956; baseline -0.003 -20"><span class='ocrx_word' id='word_1_217' title='bbox 22 2911 23 2936; x_wconf 57' lang='lat' dir='ltr'>r</span> <span class='ocrx_word' id='word_1_218' title='bbox 102 2891 195 2952; x_wconf 88' lang='lat' dir='ltr'>panea,</span> <span class='ocrx_word' id='word_1_219' title='bbox 219 2875 354 2956; x_wconf 88' lang='lat' dir='ltr'>generali</span> <span class='ocrx_word' id='word_1_220' title='bbox 376 2876 464 2938; x_wconf 91' lang='lat' dir='ltr'>modo</span> <span class='ocrx_word' id='word_1_221' title='bbox 486 2875 597 2937; x_wconf 89' lang='lat' dir='ltr'>indicat</span> <span class='ocrx_word' id='word_1_222' title='bbox 612 2874 735 2945; x_wconf 86' lang='lat' dir='ltr'>Strabo,</span> <span class='ocrx_word' id='word_1_223' title='bbox 759 2877 785 2936; x_wconf 88' lang='lat' dir='ltr'>si</span> <span class='ocrx_word' id='word_1_224' title='bbox 807 2893 860 2936; x_wconf 90' lang='lat' dir='ltr'>sua</span> <span class='ocrx_word' id='word_1_225' title='bbox 883 2873 1004 2952; x_wconf 90' lang='lat' dir='ltr'>quidem</span> <span class='ocrx_word' id='word_1_226' title='bbox 1027 2873 1212 2934; x_wconf 85' lang='lat' dir='ltr'>aetateMas·</span> 
     </span>
     <span class='ocr_line' id='line_1_25' title="bbox 22 2965 1213 3054; baseline -0.002 -18"><span class='ocrx_word' id='word_1_227' title='bbox 22 2965 24 2992; x_wconf 63' lang='lat'><strong><em>³</em></strong></span> <span class='ocrx_word' id='word_1_228' title='bbox 101 2974 258 3040; x_wconf 85' lang='lat' dir='ltr'>alliensium</span> <span class='ocrx_word' id='word_1_229' title='bbox 280 2977 450 3039; x_wconf 82' lang='lat' dir='ltr'>libertatem</span> <span class='ocrx_word' id='word_1_230' title='bbox 476 2980 509 3038; x_wconf 93' lang='lat' dir='ltr'>in</span> <span class='ocrx_word' id='word_1_231' title='bbox 531 2997 567 3039; x_wconf 88' lang='lat' dir='ltr'>en</span> <span class='ocrx_word' id='word_1_232' title='bbox 590 2977 758 3038; x_wconf 78' lang='lat' dir='ltr'>constitisse</span> <span class='ocrx_word' id='word_1_233' title='bbox 780 2975 866 3045; x_wconf 85' lang='lat' dir='ltr'>dicit,</span> <span class='ocrx_word' id='word_1_234' title='bbox 896 2981 929 3035; x_wconf 92' lang='lat' dir='ltr'>ut</span> <span class='ocrx_word' id='word_1_235' title='bbox 956 2993 1054 3054; x_wconf 89' lang='lat' dir='ltr'>neque</span> <span class='ocrx_word' id='word_1_236' title='bbox 1081 2976 1139 3054; x_wconf 87' lang='lat' dir='ltr'>ipsi</span> <span class='ocrx_word' id='word_1_237' title='bbox 1161 2993 1213 3035; x_wconf 92' lang='lat' dir='ltr'>ne·</span> 
     </span>
     <span class='ocr_line' id='line_1_26' title="bbox 22 3061 1214 3157; baseline -0.005 -17"><span class='ocrx_word' id='word_1_238' title='bbox 22 3061 23 3120; x_wconf 58' lang='lat'><em>3</em></span> <span class='ocrx_word' id='word_1_239' title='bbox 102 3091 256 3156; x_wconf 83' lang='lat' dir='ltr'>quequae</span> <span class='ocrx_word' id='word_1_240' title='bbox 281 3096 341 3157; x_wconf 82' lang='lat' dir='ltr'>pro</span> <span class='ocrx_word' id='word_1_241' title='bbox 366 3080 490 3142; x_wconf 76' lang='lat' dir='ltr'>sudditis</span> <span class='ocrx_word' id='word_1_242' title='bbox 516 3080 647 3140; x_wconf 76' lang='lat' dir='ltr'>duleum</span> <span class='ocrx_word' id='word_1_243' title='bbox 672 3082 738 3140; x_wconf 81' lang='lat' dir='ltr'>loeo</span> <span class='ocrx_word' id='word_1_244' title='bbox 765 3075 935 3140; x_wconf 86' lang='lat' dir='ltr'>rectoribus</span> <span class='ocrx_word' id='word_1_245' title='bbox 962 3077 1132 3156; x_wconf 87' lang='lat' dir='ltr'>provinciae</span> <span class='ocrx_word' id='word_1_246' title='bbox 1155 3076 1214 3136; x_wconf 89' lang='lat' dir='ltr'>siut</span> 
     </span>
     <span class='ocr_line' id='line_1_27' title="bbox 23 3176 1212 3262; baseline -0.005 -20"><span class='ocrx_word' id='word_1_247' title='bbox 23 3235 24 3242; x_wconf 71' lang='grc'>,</span> <span class='ocrx_word' id='word_1_248' title='bbox 101 3178 282 3262; x_wconf 80' lang='lat' dir='ltr'>subiecta.²²)</span> <span class='ocrx_word' id='word_1_249' title='bbox 328 3182 389 3243; x_wconf 91' lang='lat' dir='ltr'>lam</span> <span class='ocrx_word' id='word_1_250' title='bbox 411 3199 480 3243; x_wconf 83' lang='lat' dir='ltr'>vero</span> <span class='ocrx_word' id='word_1_251' title='bbox 509 3184 534 3243; x_wconf 92' lang='lat' dir='ltr'>si</span> <span class='ocrx_word' id='word_1_252' title='bbox 557 3180 727 3260; x_wconf 78' lang='lat' dir='ltr'>singillatim</span> <span class='ocrx_word' id='word_1_253' title='bbox 748 3180 943 3257; x_wconf 87' lang='lat' dir='ltr'>inquirimus,</span> <span class='ocrx_word' id='word_1_254' title='bbox 968 3193 1044 3255; x_wconf 90' lang='lat' dir='ltr'>qnae</span> <span class='ocrx_word' id='word_1_255' title='bbox 1066 3176 1212 3256; x_wconf 88' lang='lat' dir='ltr'>adempta,</span> 
     </span>
     <span class='ocr_line' id='line_1_28' title="bbox 23 3281 1213 3372; baseline -0.006 -26"><span class='ocrx_word' id='word_1_256' title='bbox 23 3287 24 3346; x_wconf 86' lang='lat'><em>]</em></span> <span class='ocrx_word' id='word_1_257' title='bbox 101 3298 170 3360; x_wconf 88' lang='lat' dir='ltr'>quae</span> <span class='ocrx_word' id='word_1_258' title='bbox 187 3284 296 3372; x_wconf 75' lang='lat' dir='ltr'>relicta</span> <span class='ocrx_word' id='word_1_259' title='bbox 318 3286 392 3354; x_wconf 88' lang='lat' dir='ltr'>sint,</span> <span class='ocrx_word' id='word_1_260' title='bbox 417 3291 520 3345; x_wconf 91' lang='lat' dir='ltr'>utrum</span> <span class='ocrx_word' id='word_1_261' title='bbox 547 3283 628 3344; x_wconf 89' lang='lat' dir='ltr'>solus</span> <span class='ocrx_word' id='word_1_262' title='bbox 655 3281 747 3344; x_wconf 91' lang='lat' dir='ltr'>lulius</span> <span class='ocrx_word' id='word_1_263' title='bbox 770 3282 877 3343; x_wconf 84' lang='lat' dir='ltr'>Caesar</span> <span class='ocrx_word' id='word_1_264' title='bbox 905 3299 943 3342; x_wconf 92' lang='lat' dir='ltr'>an</span> <span class='ocrx_word' id='word_1_265' title='bbox 964 3281 1115 3358; x_wconf 79' lang='lat' dir='ltr'>Augustus</span> <span class='ocrx_word' id='word_1_266' title='bbox 1139 3297 1213 3359; x_wconf 84' lang='lat' dir='ltr'>quo·</span> 
     </span>
     <span class='ocr_line' id='line_1_29' title="bbox 23 3379 1213 3465; baseline -0.005 -19"><span class='ocrx_word' id='word_1_267' title='bbox 23 3381 24 3384; x_wconf 66' lang='grc'>’</span> <span class='ocrx_word' id='word_1_268' title='bbox 101 3397 153 3461; x_wconf 86' lang='lat' dir='ltr'>que</span> <span class='ocrx_word' id='word_1_269' title='bbox 174 3387 334 3457; x_wconf 86' lang='lat' dir='ltr'>ademerit,</span> <span class='ocrx_word' id='word_1_270' title='bbox 357 3403 539 3465; x_wconf 84' lang='lat' dir='ltr'>magnopere</span> <span class='ocrx_word' id='word_1_271' title='bbox 562 3384 682 3462; x_wconf 86' lang='lat' dir='ltr'>quidem</span> <span class='ocrx_word' id='word_1_272' title='bbox 704 3401 759 3446; x_wconf 91' lang='lat' dir='ltr'>nos</span> <span class='ocrx_word' id='word_1_273' title='bbox 781 3382 924 3444; x_wconf 87' lang='lat' dir='ltr'>iuvabunt</span> <span class='ocrx_word' id='word_1_274' title='bbox 945 3379 1072 3450; x_wconf 90' lang='lat' dir='ltr'>Plinius,</span> <span class='ocrx_word' id='word_1_275' title='bbox 1097 3380 1213 3451; x_wconf 87' lang='lat' dir='ltr'>Strabo,</span> 
     </span>
     <span class='ocr_line' id='line_1_30' title="bbox 23 3483 1212 3566; baseline -0.004 -20"><span class='ocrx_word' id='word_1_276' title='bbox 23 3487 24 3492; x_wconf 75' lang='grc'>’</span> <span class='ocrx_word' id='word_1_277' title='bbox 100 3483 176 3558; x_wconf 89' lang='lat' dir='ltr'>llela,</span> <span class='ocrx_word' id='word_1_278' title='bbox 199 3506 300 3566; x_wconf 88' lang='lat' dir='ltr'>neque</span> <span class='ocrx_word' id='word_1_279' title='bbox 322 3494 422 3550; x_wconf 89' lang='lat' dir='ltr'>tamen</span> <span class='ocrx_word' id='word_1_280' title='bbox 449 3487 514 3548; x_wconf 86' lang='lat' dir='ltr'>lieri</span> <span class='ocrx_word' id='word_1_281' title='bbox 535 3492 650 3566; x_wconf 90' lang='lat' dir='ltr'>potest,</span> <span class='ocrx_word' id='word_1_282' title='bbox 681 3487 753 3564; x_wconf 79' lang='lat' dir='ltr'>quin</span> <span class='ocrx_word' id='word_1_283' title='bbox 781 3493 900 3566; x_wconf 88' lang='lat' dir='ltr'>praeter</span> <span class='ocrx_word' id='word_1_284' title='bbox 928 3485 1107 3562; x_wconf 87' lang='lat' dir='ltr'>scriptorum</span> <span class='ocrx_word' id='word_1_285' title='bbox 1129 3483 1212 3543; x_wconf 91' lang='lat' dir='ltr'>testi-</span> 
     </span>
     <span class='ocr_line' id='line_1_31' title="bbox 100 3583 1213 3667; baseline -0.004 -19"><span class='ocrx_word' id='word_1_286' title='bbox 100 3592 192 3651; x_wconf 90' lang='lat' dir='ltr'>monia</span> <span class='ocrx_word' id='word_1_287' title='bbox 213 3596 410 3652; x_wconf 88' lang='lat' dir='ltr'>monumenta</span> <span class='ocrx_word' id='word_1_288' title='bbox 432 3605 552 3667; x_wconf 89' lang='lat' dir='ltr'>quoque</span> <span class='ocrx_word' id='word_1_289' title='bbox 572 3589 715 3667; x_wconf 84' lang='lat' dir='ltr'>inscripta</span> <span class='ocrx_word' id='word_1_290' title='bbox 738 3589 799 3648; x_wconf 85' lang='lat' dir='ltr'>sive</span> <span class='ocrx_word' id='word_1_291' title='bbox 821 3584 935 3666; x_wconf 89' lang='lat' dir='ltr'>lapides</span> <span class='ocrx_word' id='word_1_292' title='bbox 958 3591 987 3645; x_wconf 86' lang='lat' dir='ltr'>et</span> <span class='ocrx_word' id='word_1_293' title='bbox 1002 3602 1140 3646; x_wconf 90' lang='lat' dir='ltr'>nummos</span> <span class='ocrx_word' id='word_1_294' title='bbox 1162 3583 1213 3644; x_wconf 89' lang='lat' dir='ltr'>ad·</span> 
     </span>
     <span class='ocr_line' id='line_1_32' title="bbox 100 3686 1213 3767; baseline -0.004 -17"><span class='ocrx_word' id='word_1_295' title='bbox 100 3686 257 3757; x_wconf 86' lang='lat' dir='ltr'>hibeamus.</span> <span class='ocrx_word' id='word_1_296' title='bbox 304 3692 566 3752; x_wconf 89' lang='lat' dir='ltr'>Monumeutorum</span> <span class='ocrx_word' id='word_1_297' title='bbox 592 3707 663 3750; x_wconf 81' lang='lat' dir='ltr'>vero</span> <span class='ocrx_word' id='word_1_298' title='bbox 692 3690 898 3750; x_wconf 88' lang='lat' dir='ltr'>testimonium</span> <span class='ocrx_word' id='word_1_299' title='bbox 920 3706 988 3747; x_wconf 90' lang='lat' dir='ltr'>cum</span> <span class='ocrx_word' id='word_1_300' title='bbox 1011 3687 1139 3746; x_wconf 84' lang='lat' dir='ltr'>maxime</span> <span class='ocrx_word' id='word_1_301' title='bbox 1160 3703 1213 3767; x_wconf 94' lang='lat' dir='ltr'>po-</span> 
     </span>
     <span class='ocr_line' id='line_1_33' title="bbox 100 3787 1215 3871; baseline -0.004 -20"><span class='ocrx_word' id='word_1_302' title='bbox 100 3793 182 3854; x_wconf 89' lang='lat' dir='ltr'>situm</span> <span class='ocrx_word' id='word_1_303' title='bbox 209 3796 251 3854; x_wconf 84' lang='lat' dir='ltr'>sit</span> <span class='ocrx_word' id='word_1_304' title='bbox 277 3796 309 3854; x_wconf 94' lang='lat' dir='ltr'>in</span> <span class='ocrx_word' id='word_1_305' title='bbox 332 3791 558 3871; x_wconf 82' lang='lat' dir='ltr'>cognominibus</span> <span class='ocrx_word' id='word_1_306' title='bbox 586 3791 779 3871; x_wconf 88' lang='lat' dir='ltr'>oppidorum,</span> <span class='ocrx_word' id='word_1_307' title='bbox 808 3807 883 3868; x_wconf 84' lang='lat' dir='ltr'>quae</span> <span class='ocrx_word' id='word_1_308' title='bbox 911 3790 943 3849; x_wconf 91' lang='lat' dir='ltr'>in</span> <span class='ocrx_word' id='word_1_309' title='bbox 971 3788 1009 3849; x_wconf 90' lang='lat' dir='ltr'>iis</span> <span class='ocrx_word' id='word_1_310' title='bbox 1035 3787 1128 3848; x_wconf 91' lang='lat' dir='ltr'>multo</span> <span class='ocrx_word' id='word_1_311' title='bbox 1156 3787 1215 3847; x_wconf 86' lang='lat' dir='ltr'>ire·</span> 
     </span>
     <span class='ocr_line' id='line_1_34' title="bbox 100 3889 1214 3975; baseline -0.005 -21"><span class='ocrx_word' id='word_1_312' title='bbox 100 3897 231 3971; x_wconf 89' lang='lat' dir='ltr'>quentius</span> <span class='ocrx_word' id='word_1_313' title='bbox 254 3892 520 3975; x_wconf 85' lang='lat' dir='ltr'>deprehenduntur</span> <span class='ocrx_word' id='word_1_314' title='bbox 543 3909 630 3971; x_wconf 86' lang='lat' dir='ltr'>quam</span> <span class='ocrx_word' id='word_1_315' title='bbox 647 3892 725 3973; x_wconf 91' lang='lat' dir='ltr'>apud</span> <span class='ocrx_word' id='word_1_316' title='bbox 740 3893 910 3972; x_wconf 89' lang='lat' dir='ltr'>scriptores,</span> <span class='ocrx_word' id='word_1_317' title='bbox 935 3892 1069 3950; x_wconf 90' lang='lat' dir='ltr'>omnium</span> <span class='ocrx_word' id='word_1_318' title='bbox 1084 3889 1214 3967; x_wconf 86' lang='lat' dir='ltr'>primurn</span> 
     </span>
     <span class='ocr_line' id='line_1_35' title="bbox 100 3989 1213 4076; baseline -0.005 -23"><span class='ocrx_word' id='word_1_319' title='bbox 100 3995 305 4076; x_wconf 84' lang='lat' dir='ltr'>exponendum</span> <span class='ocrx_word' id='word_1_320' title='bbox 333 4002 391 4066; x_wconf 89' lang='lat' dir='ltr'>est,</span> <span class='ocrx_word' id='word_1_321' title='bbox 430 3994 579 4074; x_wconf 86' lang='lat' dir='ltr'>quomodo</span> <span class='ocrx_word' id='word_1_322' title='bbox 611 3993 810 4072; x_wconf 85' lang='lat' dir='ltr'>intellegenda</span> <span class='ocrx_word' id='word_1_323' title='bbox 839 3993 898 4054; x_wconf 89' lang='lat' dir='ltr'>sint</span> <span class='ocrx_word' id='word_1_324' title='bbox 926 3989 1071 4052; x_wconf 91' lang='lat' dir='ltr'>eiusmodi</span> <span class='ocrx_word' id='word_1_325' title='bbox 1104 4005 1213 4066; x_wconf 87' lang='lat' dir='ltr'>cogno·</span> 
     </span>
    </p>
   </div>
   <div class='ocr_carea' id='block_1_5' title="bbox 26 4241 1212 4487">
    <p class='ocr_par' dir='ltr' id='par_1_6' title="bbox 26 4241 1212 4487">
     <span class='ocr_line' id='line_1_36' title="bbox 26 4241 1212 4318; baseline -0.015 -8"><span class='ocrx_word' id='word_1_326' title='bbox 26 4289 27 4310; x_wconf 76' lang='lat'>1</span> <span class='ocrx_word' id='word_1_327' title='bbox 160 4251 204 4318; x_wconf 83' lang='lat'>21)</span> <span class='ocrx_word' id='word_1_328' title='bbox 222 4252 298 4306; x_wconf 88' lang='lat' dir='ltr'>Plin.</span> <span class='ocrx_word' id='word_1_329' title='bbox 315 4251 380 4304; x_wconf 86' lang='lat' dir='ltr'>hiat.</span> <span class='ocrx_word' id='word_1_330' title='bbox 397 4255 454 4303; x_wconf 78' lang='lat' dir='ltr'>nat</span> <span class='ocrx_word' id='word_1_331' title='bbox 472 4253 497 4315; x_wconf 82' lang='lat'>3,</span> <span class='ocrx_word' id='word_1_332' title='bbox 517 4254 542 4302; x_wconf 78' lang='grc' dir='ltr'>ὅ.</span> <span class='ocrx_word' id='word_1_333' title='bbox 570 4251 621 4304; x_wconf 84' lang='lat' dir='ltr'>eir.</span> <span class='ocrx_word' id='word_1_334' title='bbox 639 4249 714 4300; x_wconf 82' lang='lat' dir='ltr'>inira</span> <span class='ocrx_word' id='word_1_335' title='bbox 732 4245 849 4316; x_wconf 83' lang='lat' dir='ltr'>append.</span> <span class='ocrx_word' id='word_1_336' title='bbox 869 4243 1013 4311; x_wconf 86' lang='lat' dir='ltr'>epigraph.</span> <span class='ocrx_word' id='word_1_337' title='bbox 1033 4258 1060 4292; x_wconf 90' lang='lat' dir='ltr'>n.</span> <span class='ocrx_word' id='word_1_338' title='bbox 1081 4243 1142 4292; x_wconf 80' lang='lat'>183:</span> <span class='ocrx_word' id='word_1_339' title='bbox 1161 4241 1212 4292; x_wconf 87' lang='lat' dir='ltr'>Fo-</span> 
     </span>
     <span class='ocr_line' id='line_1_37' title="bbox 26 4335 375 4400; baseline -0.011 -12"><span class='ocrx_word' id='word_1_340' title='bbox 26 4335 28 4400; x_wconf 70' lang='grc' dir='ltr'>’ξ</span> <span class='ocrx_word' id='word_1_341' title='bbox 98 4349 148 4386; x_wconf 79' lang='lat' dir='ltr'>ram</span> <span class='ocrx_word' id='word_1_342' title='bbox 164 4337 227 4388; x_wconf 79' lang='lat' dir='ltr'>Iulii</span> <span class='ocrx_word' id='word_1_343' title='bbox 244 4337 375 4388; x_wconf 74' lang='lat' dir='ltr'>Paeanem.</span> 
     </span>
     <span class='ocr_line' id='line_1_38' title="bbox 161 4419 513 4487; baseline 0.006 -15"><span class='ocrx_word' id='word_1_344' title='bbox 161 4421 204 4487; x_wconf 85' lang='lat'>22)</span> <span class='ocrx_word' id='word_1_345' title='bbox 224 4419 326 4472; x_wconf 85' lang='lat' dir='ltr'>Strabo</span> <span class='ocrx_word' id='word_1_346' title='bbox 342 4420 390 4472; x_wconf 88' lang='lat' dir='ltr'>IV.</span> <span class='ocrx_word' id='word_1_347' title='bbox 408 4436 435 4486; x_wconf 91' lang='lat' dir='ltr'>p.</span> <span class='ocrx_word' id='word_1_348' title='bbox 456 4421 513 4474; x_wconf 88' lang='lat'><strong>181.</strong></span> 
     </span>
    </p>
   </div>
   <div class='ocr_carea' id='block_1_6' title="bbox 965 4500 1011 4566">
    <p class='ocr_par' dir='ltr' id='par_1_7' title="bbox 965 4500 1011 4566">
     <span class='ocr_line' id='line_1_39' title="bbox 965 4500 1011 4566; baseline 0 -28"><span class='ocrx_word' id='word_1_349' title='bbox 965 4500 1011 4566; x_wconf 75' lang='grc'>6*</span> 
     </span>
    </p>
   </div>
   <div class='ocr_carea' id='block_1_7' title="bbox 0 0 1582 5162">
    <p class='ocr_par' dir='ltr' id='par_1_8' title="bbox 0 0 1582 5162">
     <span class='ocr_line' id='line_1_40' title="bbox 0 0 1582 5162; baseline 0 2"><span class='ocrx_word' id='word_1_350' title='bbox 0 0 1582 5162; x_wconf 95' lang='lat' dir='ltr'> </span> 
     </span>
    </p>
   </div>
  </div>
 </body>
</html>
