3184 5162
609 447 812 507 uuoouulvnt.
1230 451 1270 514 33

145 625 204 678 tem
226 616 359 677 maiores
383 616 414 676 in
434 615 608 695 complures
623 624 723 696 partes
741 616 850 678 divisas
873 633 940 678 esse
956 615 1139 679 concluseris
1162 635 1198 676 ex
1221 635 1269 677 re·

143 718 254 780 latione
277 715 393 798 Polybii
415 717 453 778 de
475 716 647 780 Hannibalis
676 735 729 798 per
752 715 928 796 Allobroges
952 720 1070 782 itinere.
1082 715 1129 798 102)
1174 720 1270 798 Atque

143 818 313 899 regnabant
332 818 376 880 illi
398 818 509 897 reguli,
538 826 697 897 antequam
726 821 831 882 eodem
857 821 920 882 lere
942 828 1094 900 tempore,
1125 839 1184 902 quo
1210 819 1269 880 Ro·

144 923 225 984 mani
246 924 279 982 in
295 921 419 984 Galliam
441 929 597 991 venerunt,
622 938 713 999 regna
736 924 767 983 in
790 924 943 984 factiosam
965 924 1152 1003 optimatium
1175 921 1269 982 domi-

145 1026 299 1086 nationem
322 1025 455 1085 couverti
477 1031 648 1103 coeperant,
672 1043 862 1104 peromnem
879 1026 967 1086 vitam
988 1027 1055 1086 iure
1072 1024 1268 1094 hereditario;

145 1145 215 1187 nam
239 1144 286 1187 ex.
310 1143 354 1203 gr.
379 1125 456 1205 apud
479 1128 628 1187 Arvernos
650 1126 791 1188 Luerium
819 1144 921 1204 regem
950 1126 1028 1188 lilius
1051 1129 1203 1207 excepisse
1226 1127 1270 1188 di·

146 1229 225 1289 citur
242 1228 380 1288 Bituitus
391 1224 440 1306 103)
485 1228 589 1307 Neque
605 1247 676 1288 vero
692 1227 748 1289 hae
764 1235 868 1306 gentes
892 1230 952 1290 sive
975 1231 1027 1308 qui
1050 1248 1100 1290 eas
1117 1230 1270 1308 regebant,

145 1331 212 1409 pari
234 1331 313 1389 inter
341 1348 374 1390 se
401 1331 467 1390 iure
489 1329 659 1406 gaudebant
686 1337 714 1390 et
742 1330 848 1408 agendi
875 1330 1029 1401 libertate,
1058 1332 1111 1394 sed
1140 1333 1271 1394 minores

147 1433 281 1494 civitates
304 1433 450 1492 maiorum
473 1432 612 1492 astrictae
642 1425 727 1492 eraut
749 1431 920 1504 clientelae,
951 1440 1039 1512 atque
1063 1451 1139 1512 quae
1162 1435 1271 1496 Caesar
1301 1505 1304 1508 ¹

146 1534 187 1594 de
211 1531 417 1596 clientelarum
440 1540 471 1593 et
497 1534 658 1594 lactionum
683 1535 799 1595 ratione
822 1534 902 1604 dicit,
926 1534 1023 1613 qualis
1044 1541 1129 1598 extra
1150 1538 1271 1615 provin·

146 1637 227 1698 ciam
240 1635 320 1696 inter
336 1634 462 1696 Gallicas
477 1637 609 1696 civitates
624 1631 788 1714 luerit¹⁰⁴),
809 1655 843 1698 ea
858 1637 894 1698 ad
910 1636 1271 1717 meridionalemquoque

146 1736 275 1799 Galliam
298 1736 457 1797 reserenda
485 1756 553 1798 esse
582 1736 725 1816 exemplis
756 1744 856 1816 potest
882 1739 1014 1818 probari.
1065 1740 1169 1816 Neque
1192 1741 1272 1801 enirn

146 1838 249 1900 solum
276 1856 473 1917 quaecunque
502 1841 581 1900 inter
610 1840 809 1920 Pyrenaeum,
840 1839 1008 1900 Cebennam
1038 1846 1067 1900 et
1095 1841 1271 1902 Rhodanum

146 1939 289 2002 colebant
303 1947 418 2018 gentos,
442 1946 518 2001 teste
534 1939 682 2002 Strabone
692 1937 740 2018 ¹⁰⁵-)
764 1943 794 2001 in
810 1932 1009 2002 Arvernorum
1026 1941 1162 2002 clientela
1178 1948 1270 2010 eraut,

146 2041 205 2104 sed
228 2043 315 2104 etiam
338 2041 374 2110 ab
397 2041 490 2103 altera
513 2040 649 2104 Rhodani
672 2044 737 2121 rIpa
758 2044 838 2103 inter
861 2061 922 2112 eos,
947 2045 997 2120 qui
1021 2059 1115 2120 usque
1131 2042 1168 2102 ad
1182 2042 1272 2121 Alpes

135 2142 331 2222 babitabant,
356 2146 506 2205 minorum
528 2145 661 2222 gentium
684 2145 802 2223 patroni
826 2153 910 2204 eraut
932 2143 1121 2221 Allobroges,
1145 2144 1202 2222 ipsi
1218 2142 1270 2216 au·

146 2253 212 2307 tem
234 2244 410 2324 Allobroges
438 2265 499 2307 non
521 2248 620 2308 minus
648 2263 737 2323 quam
760 2241 867 2307 Volcae
895 2247 925 2305 in
948 2245 1085 2306 clientela
1108 2253 1193 2306 erant
1217 2247 1270 2306 Ar·

146 2365 322 2408 ceruorum.
367 2347 470 2426 ltaque
492 2367 561 2409 curn
584 2346 686 2428 Salyes
708 2347 881 2408 allemania
895 2348 1116 2416 invaderentur,
1141 2347 1176 2408 ad
1192 2346 1270 2408 Allo-

146 2449 262 2530 broges
284 2450 417 2528 consurgit
439 2469 545 2511 eorum
566 2468 635 2519 rex,
663 2449 840 2527 Allobroges
862 2456 961 2511 autem
984 2447 1022 2510 ob
1044 2456 1200 2530 receptum
1222 2468 1271 2510 re·

147 2570 219 2629 gero
250 2559 279 2612 et
306 2553 364 2630 ipsi
389 2571 406 2612 a
435 2551 575 2612 Romanis
604 2550 682 2612 bello
711 2551 841 2612 lacessiti
869 2551 1010 2612 auxilium
1037 2552 1207 2630 petiverunt
1235 2549 1271 2612 ab

147 2655 301 2716 Arvernis.
348 2652 535 2714 Consistebat
563 2653 640 2714 enirn
670 2660 806 2714 mutuum
838 2652 990 2713 clientium
1019 2659 1049 2712 et
1075 2659 1272 2731 patronorum

147 2755 283 2816 officium
306 2752 383 2815 haud
407 2753 549 2815 dublein
572 2772 608 2815 eo
623 2756 822 2834 potissimum,
846 2761 879 2816 ut
901 2753 936 2814 ad
958 2752 1045 2822 bella,
1070 2770 1146 2830 quae
1168 2752 1199 2812 lri
1220 2771 1272 2832 ge·

147 2856 268 2926 rebant,
291 2855 335 2916 illi
356 2855 465 2918 anaxilla
487 2857 649 2926 mitterent,
672 2862 775 2918 contra
796 2855 915 2937 patroni
937 2855 1060 2915 clientes
1083 2853 1120 2916 ab
1143 2852 1272 2914 hostium

146 2957 354 3020 invasionibus
376 2957 580 3020 defenderent.
627 2959 708 3030 Quae
730 2965 829 3018 autem
851 2959 929 3018 inter
952 2957 1083 3016 civitates
1104 2955 1272 3017 intercede·

146 3061 223 3122 bant
245 3060 389 3120 sactiones
412 3066 443 3119 et
464 3058 633 3128 clientelae,
658 3058 779 3120 eaedem
802 3059 832 3119 in
855 3073 972 3135 quaque
995 3057 1111 3117 civitate
1135 3055 1273 3116 extabant

145 3165 230 3223 iuter
251 3163 437 3241 potentiores
460 3168 489 3221 et
510 3161 680 3222 interiores.
724 3161 816 3222 Erant
847 3160 926 3220 euim
954 3160 984 3219 in
1008 3157 1147 3220 omnibus
1170 3159 1270 3219 cirita·

148 3263 231 3324 tibus
254 3261 388 3333 Gallicis,
417 3264 443 3323 si
470 3262 597 3324 Druides
626 3262 797 3342 exceperis
827 3261 865 3321 de
892 3259 1002 3338 quibus
1024 3277 1113 3338 agere
1135 3266 1272 3321 nostrum

148 3382 213 3426 nou
236 3351 296 3434 est,
326 3364 385 3425 duo
414 3364 569 3425 bominum
591 3381 716 3442 genera,
748 3365 863 3442 equites
887 3368 916 3422 et
937 3360 1061 3442 plebeii,
1086 3360 1117 3422 hi
1139 3360 1272 3422 colendis

147 3468 232 3546 agris
259 3474 289 3527 et
315 3464 465 3546 pascendo
493 3466 596 3545 pecori
624 3467 776 3545 occupati,
811 3463 855 3526 illi
883 3481 1036 3526 armorum
1064 3461 1272 3524 consuetudini

147 3575 180 3630 et
203 3565 317 3628 bellicis
339 3567 604 3629 consuetudinibus
619 3573 766 3628 vacantes.
811 3565 960 3643 Quidquid
982 3572 1081 3626 autern
1102 3565 1134 3624 in
1156 3565 1272 3625 civitate

146 3671 302 3751 potentiae
325 3674 390 3729 erat
411 3676 531 3748 praeter
553 3685 651 3746 reges,
675 3668 704 3728 id
721 3669 835 3746 equites
856 3665 1049 3744 usurpabant,
1073 3684 1141 3726 cum
1163 3665 1272 3744 plebeii

146 3789 247 3853 prope
268 3789 423 3832 servorum
446 3769 513 3832 loco
536 3769 629 3831 habiti
650 3770 784 3830 contenti
806 3774 915 3838 essent,
938 3768 1104 3848 potentium
1127 3765 1272 3827 clientelis

219 3973 279 4038 102)
297 3988 325 4026 v.
343 3988 428 4040 snpra
445 3989 473 4025 n.
492 3975 534 4026 82.

218 4057 279 4124 roe)
299 4057 401 4110 suono
419 4061 443 4110 4.
462 4075 489 4124 p.
509 4060 567 4113 191.

219 4143 281 4209 104)
301 4141 383 4194 Caes.
400 4145 428 4196 b.
448 4159 474 4210 g.
495 4145 525 4208 6,
544 4146 585 4195 11.

219 4228 279 4294 106)
305 4227 405 4279 Strabo
427 4230 452 4278 4.
480 4243 506 4294 p.
531 4229 593 4278 191:
622 4222 767 4280 διέτειναν
794 4219 847 4294 τὴν
868 4219 960 4294 ἆρχὴν
977 4219 1016 4291 jot
1039 4215 1195 4290 Ἀρούερνοι
1223 4219 1272 4275 uel

144 4308 231 4381 μέχρι
250 4307 407 4379 Νάρβωνος
426 4308 475 4364 καὶ
498 4311 554 4364 τῶν
573 4302 648 4377 ὅρων
665 4308 716 4378 τῆς
733 4301 989 4371 Μασσαλιῶνιδος,
1013 4300 1153 4374 ἐκράτουν
1171 4302 1203 4360 δὲ
1223 4304 1272 4360 aul

144 4396 206 4454 τῶν
221 4391 305 4465 μέχρι
323 4389 461 4464 Πυρήνης
479 4389 574 4449 ἐθνῶν
592 4394 642 4474 aul
659 4391 741 4472 μέχρι
760 4387 889 4448 ὠκεανοῦ
906 4390 956 4446 καὶ
972 4383 1081 4460 Ῥήνου.

201 4514 321 4568 lleraog,
336 4512 421 4556 Galliae
434 4511 500 4556 Norb.
515 4513 567 4557 hist.
1051 4485 1069 4546 3
