3148 5160
311 436 371 498 168
690 430 775 486 PARS
797 429 826 486 ll.
871 429 976 486 CAPVT
999 429 1030 488 ll.

310 602 418 662 ioniam
448 601 657 662 Viennensium
692 618 727 659 en
759 596 849 674 longo
882 598 940 657 iam
975 605 1109 676 tempore
1143 605 1298 658 senatores
1327 599 1430 657 curiae

310 703 441 764 urbanae
470 702 624 770 conferre,
659 700 873 781 palaestrinum
902 699 1049 776 quoddam
1077 699 1246 778 prodigium
1273 701 1293 760 i.
1324 719 1367 768 e.,
1398 706 1431 759 ut

310 804 397 882 vulgo
424 806 675 883 interpretantur,
706 800 854 863 Valerium
884 801 1044 862 Asiaticum
1074 802 1272 862 Viennensem
1300 807 1370 862 ante
1399 803 1429 862 in
1472 787 1479 804 '

310 907 430 967 domum
453 905 639 968 consulatum
660 903 810 972 intulisse,
841 920 930 981 quam
953 904 1017 966 eius
1039 902 1154 965 colonia
1178 903 1306 966 solidum
1329 904 1429 964 civita·

309 1009 348 1070 tis
370 1007 520 1070 Romanae
548 1007 725 1068 beneficium
754 1013 913 1066 consecuta
936 1006 983 1066 sit.
1029 1005 1113 1078 Quod
1146 1005 1274 1068 solidum
1304 1006 1430 1066 ciuitatis

309 1111 461 1172 Romanae
476 1109 653 1172 beneficium
670 1110 717 1170 ius
732 1105 880 1168 honorum
896 1124 971 1176 esse,
989 1113 1022 1168 nt
1036 1107 1146 1170 iudicat
1159 1110 1192 1170 Δ.
1204 1108 1250 1168 W.
1266 1103 1429 1186 ZumptV),

311 1231 369 1273 non
399 1230 559 1290 possumus
582 1210 748 1273 admittere.
795 1209 960 1288 Imperator
990 1211 1068 1271 enim
1097 1211 1122 1270 si
1151 1210 1291 1271 noluisset
1318 1209 1429 1278 dicere,

308 1314 468 1375 Asiaticum
490 1311 635 1392 peculiari
657 1311 782 1374 alicuius
804 1312 947 1390 principis
969 1310 1114 1372 beneficio
1137 1319 1293 1392 exceptum
1311 1330 1378 1372 esse
1395 1329 1431 1372 ex

309 1415 434 1492 reliquis
451 1414 678 1484 Viennensibus,
704 1422 737 1476 ut
760 1415 810 1490 qui
832 1420 936 1491 postea
952 1411 1072 1473 demum
1094 1415 1141 1474 ius
1156 1412 1306 1474 honorum
1329 1419 1432 1474 essent

309 1517 417 1595 adepti,
441 1515 520 1578 baud
543 1515 633 1577 dubie
656 1514 741 1577 aliter
764 1513 793 1574 id
816 1514 1019 1592 significasset,
1042 1513 1121 1575 baud
1144 1515 1233 1576 dubie
1255 1535 1312 1596 pro
1337 1513 1431 1575 solido

310 1619 433 1678 civitatis
455 1618 600 1679 beneficio
622 1618 653 1678 in
676 1619 809 1678 oratione
832 1617 869 1676 de
891 1618 958 1677 inre
980 1614 1127 1676 honorum
1144 1615 1242 1678 babita
1263 1618 1364 1696 ipsum
1385 1603 1434 1676 ius

310 1718 457 1780 honorum
480 1721 671 1780 nominasset.
719 1717 831 1780 Deinde
855 1716 1001 1795 exlongo
1023 1719 1232 1796 iamtempore
1254 1736 1315 1778 non
1338 1736 1431 1778 unum

309 1819 437 1897 aliquem
462 1821 675 1890 Viennensem,
700 1819 814 1880 scilicet
836 1821 1013 1891 Asiaticum,
1043 1820 1095 1880 sed
1116 1819 1219 1899 plures
1240 1821 1271 1879 in
1295 1825 1432 1880 senatum

309 1920 432 1983 allectos
456 1940 522 1984 esse
545 1921 615 1982 dicit
637 1920 794 1994 Claudius,
818 1938 925 1998 neque,
950 1940 1018 1982 cum
1041 1923 1185 1984 Asiaticus
1206 1924 1338 2001 primum
1362 1941 1432 1982 con·

309 2023 370 2093 sul,
400 2041 519 2104 quoquo
549 2041 626 2084 anno
654 2023 724 2094 init,
755 2029 834 2083 esset
861 2025 965 2100 ntique
994 2030 1062 2084 ante
1093 2041 1197 2083 necem
1226 2023 1349 2101 quidem
1373 2025 1435 2084 Caii

310 2126 443 2188 Caesaris
466 2126 518 2186 sed
541 2143 600 2186 non
624 2124 712 2203 longe
741 2132 808 2185 ante
830 2124 942 2186 Tiberii
965 2125 1098 2186 Caesaris
1127 2122 1300 2202 exitumV),
1331 2127 1358 2185 si
1386 2125 1435 2184 bic

309 2229 424 2305 primus
446 2226 589 2305 singulari
617 2227 744 2304 quadam
773 2228 948 2306 exceptione
969 2228 1035 2288 iure
1063 2226 1212 2288 honorum
1241 2234 1321 2288 esset
1348 2246 1433 2296 usus,

309 2329 456 2407 potuisset
478 2328 593 2399 dicere,
624 2348 660 2389 ex
683 2328 772 2407 longo
794 2331 852 2390 iam
877 2337 1011 2408 tempore
1034 2329 1177 2390 Viennam
1201 2335 1357 2389 senatores
1379 2331 1434 2388 im-

308 2431 393 2509 perio
417 2431 563 2491 conterre.
610 2430 687 2502 Quid
707 2430 786 2508 quod
814 2431 941 2492 tortasse
970 2430 1040 2490 inde
1071 2449 1107 2490 ea
1131 2430 1196 2492 lulii
1223 2423 1359 2492 Caesaris
1389 2430 1435 2490 vel

310 2531 434 2608 Augusti
461 2539 556 2592 aetate
584 2550 639 2611 per
668 2530 814 2592 bellorum
840 2531 967 2592 civilium
994 2531 1128 2593 militiam
1150 2533 1333 2610 insigniores
1359 2532 1435 2592 Nar-

310 2633 451 2694 bonensis
479 2631 589 2693 Galliae
617 2631 753 2694 homines
781 2635 811 2693 in
839 2640 973 2694 senatum
1001 2642 1205 2712 pervenerunt
1228 2639 1274 2704 et,
1304 2653 1365 2714 quo
1389 2633 1453 2693 in·‘

312 2740 357 2794 ter
389 2733 520 2814 reliquos
553 2733 694 2797 excelluit
728 2736 888 2806 Asiaticus,
922 2754 982 2796 non
1015 2735 1155 2814 generale
1181 2736 1237 2796 luit
1264 2737 1313 2795 ius
1341 2733 1436 2794 hono·

310 2853 392 2906 rum,
423 2836 475 2897 sed
503 2854 637 2896 summus
665 2836 819 2923 honorum
841 2836 966 2914 gradus,
996 2835 1177 2899 consulatus.
1228 2836 1259 2896 Si
1288 2855 1360 2896 vero
1389 2838 1438 2895 ius

309 2937 457 2998 honorum
487 2955 545 2997 non
573 2937 629 2996 fuit
657 2937 698 3007 id,
729 2954 787 3014 quo
816 2939 982 3016 perlectum
1012 2945 1041 2998 et
1070 2938 1239 3000 absolutum
1271 2945 1317 2998 est
1346 2938 1436 2998 Vien-

310 3042 448 3100 nensium
471 3039 594 3098 civitatis
617 3037 804 3108 beneficium,
828 3056 951 3099 necesse
968 3047 1013 3100 est
1033 3041 1125 3102 luerit
1147 3042 1194 3102 ius
1209 3038 1346 3100 Italicum
1362 3041 1436 3108 sive,

311 3148 343 3202 ut
369 3143 442 3200 item
472 3139 579 3200 dicitur
608 3157 622 3199 a
653 3139 769 3210 Paullo,
807 3139 923 3200 italicae
952 3141 1085 3202 coloniae
1112 3140 1299 3220 respublica,
1336 3158 1438 3218 neque

311 3242 390 3301 enim
413 3239 612 3316 singulorum,
644 3241 695 3300 sed
724 3243 879 3302 universae
909 3243 1033 3303 civitatis
1056 3249 1120 3304 erat
1143 3243 1173 3302 id
1196 3244 1252 3303 ius.
1301 3242 1389 3314 Quod
1412 3244 1438 3302 si

311 3342 469 3418 accipitur,
502 3342 615 3419 optimo
649 3341 705 3401 boc
738 3345 802 3404 iure
838 3342 944 3403 donata
976 3350 1021 3404 est
1050 3320 1162 3405 Vienna
1195 3346 1275 3404 inter
1303 3346 1438 3423 primum

310 3442 428 3504 Asiatici
451 3441 636 3502 consulatum
659 3443 679 3502 i.
705 3460 749 3512 e..
780 3450 812 3503 ut
833 3445 1066 3505 remotissimum
1096 3463 1304 3524 supponamus
1332 3447 1437 3506 termi-

310 3561 391 3612 num,
415 3543 494 3602 inter
517 3561 627 3603 annnm
649 3563 678 3622 p.
698 3543 748 3603 Cb.
767 3549 807 3612 30
830 3553 860 3604 et
882 3563 991 3606 annum
1016 3551 1065 3615 48,
1088 3563 1147 3623 quo
1171 3548 1339 3609 orationem
1354 3546 1439 3607 illam

311 3643 450 3705 Claudius
472 3643 584 3705 habuit.
630 3644 769 3706 Fortasse
796 3647 890 3724 ipsius
913 3649 1030 3707 Asiatici
1052 3649 1155 3727 priore
1177 3646 1256 3727 apud
1280 3650 1438 3728 principes

310 3745 404 3822 gratia
426 3745 537 3806 factum
560 3752 614 3815 est,
639 3751 672 3804 ut
695 3747 758 3806 eius
781 3749 874 3823 patria
898 3747 954 3808 hoc
975 3748 1064 3809 modo
1080 3748 1293 3811 honoraretur.
1334 3748 1439 3811 ltalico

310 3853 409 3908 autem
430 3847 497 3906 inre
520 3865 588 3907 cnm
611 3849 824 3917 contineretur,
848 3857 880 3908 nt
903 3849 999 3910 solum
1021 3851 1155 3911 immune
1179 3858 1259 3912 esset
1283 3872 1300 3913 a
1322 3851 1440 3913 tributo

310 3947 365 4008 soli
389 3954 418 4007 et
440 3950 519 4008 cives
548 3967 563 4006 a
588 3947 698 4008 tributo
726 3950 842 4026 capitis,
872 3969 928 4011 nec
957 3952 1015 4011 nisi
1040 3951 1247 4030 penderentur
1277 3955 1442 4038 vicesimae

378 4119 421 4178 37)
440 4117 551 4180 Zumpt,
571 4115 647 4164 siud.
667 4115 742 4165 Rom.
761 4132 787 4181 p.
801 4119 944 4169 aaa—334.

378 4199 421 4264 38)
441 4200 522 4251 Cons.
548 4199 648 4250 iterum
671 4199 812 4250 Asiaticus
836 4201 891 4251 fuit
914 4218 940 4256 a.
963 4218 988 4267 p.
1012 4201 1060 4253 Ch.
1086 4205 1133 4264 46,
1159 4205 1320 4255 consularis
1346 4211 1445 4258 antem

310 4275 396 4348 (ἀνὴρ
418 4275 597 4346 ὑπατευκώς)
620 4284 676 4333 iam
700 4284 801 4334 dicitur
824 4303 840 4334 a
863 4285 959 4336 Cassio
982 4288 1072 4338 Dione
1095 4304 1193 4340 necem
1217 4289 1281 4339 Caii
1306 4289 1446 4344 Caesaris

309 4367 450 4416 referente
463 4370 504 4428 59,
525 4371 570 4418 30.
601 4369 651 4418 cfr.
670 4368 779 4433 Ioseph.
799 4368 971 4432 Antiq.1ud.
991 4373 1031 4430 19,
1052 4373 1075 4434 1,
1096 4375 1137 4423 20.
