<?xml version="1.0" encoding="UTF-8"?>
<!DOCTYPE html PUBLIC "-//W3C//DTD XHTML 1.0 Transitional//EN"
    "http://www.w3.org/TR/xhtml1/DTD/xhtml1-transitional.dtd">
<html xmlns="http://www.w3.org/1999/xhtml" xml:lang="en" lang="en">
 <head>
  <title>
</title>
<meta http-equiv="Content-Type" content="text/html;charset=utf-8" />
  <meta name='ocr-system' content='tesseract 3.04.00' />
  <meta name='ocr-capabilities' content='ocr_page ocr_carea ocr_par ocr_line ocrx_word'/>
</head>
<body>
  <div class='ocr_page' id='page_1' title='image "./galliaenarbonen01herzgoog_0069.png"; bbox 0 0 3184 5162; ppageno 0'>
   <div class='ocr_carea' id='block_1_1' title="bbox 564 494 1279 564">
    <p class='ocr_par' dir='ltr' id='par_1_1' title="bbox 564 494 1279 564">
     <span class='ocr_line' id='line_1_1' title="bbox 564 494 1279 564; baseline 0.003 -13"><span class='ocrx_word' id='word_1_1' title='bbox 564 494 648 559; x_wconf 83' lang='lat' dir='ltr'>PARS</span> <span class='ocrx_word' id='word_1_2' title='bbox 670 495 688 550; x_wconf 87' lang='lat' dir='ltr'>l.</span> <span class='ocrx_word' id='word_1_3' title='bbox 733 495 839 551; x_wconf 79' lang='lat' dir='ltr'>uArvr</span> <span class='ocrx_word' id='word_1_4' title='bbox 863 496 881 552; x_wconf 89' lang='lat' dir='ltr'>l.</span> <span class='ocrx_word' id='word_1_5' title='bbox 1238 501 1279 564; x_wconf 80' lang='grc'>53</span> 
     </span>
    </p>
   </div>
   <div class='ocr_carea' id='block_1_2' title="bbox 155 660 1284 3897">
    <p class='ocr_par' dir='ltr' id='par_1_2' title="bbox 155 660 1284 3897">
     <span class='ocr_line' id='line_1_2' title="bbox 156 660 1284 745; baseline 0 -19"><span class='ocrx_word' id='word_1_6' title='bbox 156 665 263 726; x_wconf 90' lang='grc'><strong>3331113</strong></span> <span class='ocrx_word' id='word_1_7' title='bbox 272 660 326 741; x_wconf 74' lang='grc'><strong>37),</strong></span> <span class='ocrx_word' id='word_1_8' title='bbox 356 661 435 740; x_wconf 90' lang='lat' dir='ltr'>quod</span> <span class='ocrx_word' id='word_1_9' title='bbox 464 660 575 723; x_wconf 92' lang='lat' dir='ltr'>bellum</span> <span class='ocrx_word' id='word_1_10' title='bbox 604 661 774 722; x_wconf 86' lang='lat' dir='ltr'>necessario</span> <span class='ocrx_word' id='word_1_11' title='bbox 802 662 969 742; x_wconf 77' lang='lat' dir='ltr'>impedivit,</span> <span class='ocrx_word' id='word_1_12' title='bbox 1000 681 1058 740; x_wconf 88' lang='lat' dir='ltr'>quo</span> <span class='ocrx_word' id='word_1_13' title='bbox 1086 666 1184 728; x_wconf 89' lang='lat' dir='ltr'>minus</span> <span class='ocrx_word' id='word_1_14' title='bbox 1210 673 1284 745; x_wconf 88' lang='grc'><strong>3331</strong></span> 
     </span>
     <span class='ocr_line' id='line_1_3' title="bbox 156 763 1277 834; baseline 0.001 -7"><span class='ocrx_word' id='word_1_15' title='bbox 156 767 314 828; x_wconf 84' lang='lat' dir='ltr'>Fonteium</span> <span class='ocrx_word' id='word_1_16' title='bbox 339 763 561 825; x_wconf 85' lang='lat' dir='ltr'>foederatorum</span> <span class='ocrx_word' id='word_1_17' title='bbox 583 764 649 825; x_wconf 91' lang='lat' dir='ltr'>loco</span> <span class='ocrx_word' id='word_1_18' title='bbox 673 772 773 824; x_wconf 89' lang='lat' dir='ltr'>essent</span> <span class='ocrx_word' id='word_1_19' title='bbox 788 764 938 834; x_wconf 86' lang='lat' dir='ltr'>Vocontii;</span> <span class='ocrx_word' id='word_1_20' title='bbox 963 773 1030 827; x_wconf 86' lang='lat' dir='ltr'>ante</span> <span class='ocrx_word' id='word_1_21' title='bbox 1047 765 1202 828; x_wconf 84' lang='lat' dir='ltr'>Fonteium</span> <span class='ocrx_word' id='word_1_22' title='bbox 1226 787 1277 828; x_wconf 90' lang='lat' dir='ltr'>au·</span> 
     </span>
     <span class='ocr_line' id='line_1_4' title="bbox 156 864 1277 946; baseline 0.003 -18"><span class='ocrx_word' id='word_1_23' title='bbox 156 876 216 928; x_wconf 90' lang='lat' dir='ltr'>tem</span> <span class='ocrx_word' id='word_1_24' title='bbox 240 869 288 928; x_wconf 84' lang='lat' dir='ltr'>vix</span> <span class='ocrx_word' id='word_1_25' title='bbox 312 873 385 936; x_wconf 89' lang='lat' dir='ltr'>erat,</span> <span class='ocrx_word' id='word_1_26' title='bbox 409 865 488 946; x_wconf 88' lang='lat' dir='ltr'>quod</span> <span class='ocrx_word' id='word_1_27' title='bbox 510 883 584 944; x_wconf 82' lang='lat' dir='ltr'>gens</span> <span class='ocrx_word' id='word_1_28' title='bbox 607 864 685 926; x_wconf 92' lang='lat' dir='ltr'>bello</span> <span class='ocrx_word' id='word_1_29' title='bbox 701 864 888 944; x_wconf 80' lang='lat' dir='ltr'>Allobrogico</span> <span class='ocrx_word' id='word_1_30' title='bbox 911 868 986 928; x_wconf 88' lang='lat' dir='ltr'>victa</span> <span class='ocrx_word' id='word_1_31' title='bbox 1008 867 1130 929; x_wconf 85' lang='lat' dir='ltr'>foedere</span> <span class='ocrx_word' id='word_1_32' title='bbox 1152 869 1277 931; x_wconf 92' lang='lat' dir='ltr'>donare·</span> 
     </span>
     <span class='ocr_line' id='line_1_5' title="bbox 156 966 1278 1046; baseline 0.003 -17"><span class='ocrx_word' id='word_1_33' title='bbox 156 977 214 1031; x_wconf 88' lang='lat' dir='ltr'>tur.</span> <span class='ocrx_word' id='word_1_34' title='bbox 262 969 402 1030; x_wconf 84' lang='lat' dir='ltr'>Ceterum</span> <span class='ocrx_word' id='word_1_35' title='bbox 425 986 513 1029; x_wconf 89' lang='lat' dir='ltr'>nemo</span> <span class='ocrx_word' id='word_1_36' title='bbox 537 987 596 1028; x_wconf 91' lang='lat' dir='ltr'>non</span> <span class='ocrx_word' id='word_1_37' title='bbox 618 966 784 1046; x_wconf 74' lang='lat' dir='ltr'>intelleget,</span> <span class='ocrx_word' id='word_1_38' title='bbox 816 968 960 1030; x_wconf 90' lang='lat' dir='ltr'>eiusmodi</span> <span class='ocrx_word' id='word_1_39' title='bbox 981 969 1183 1032; x_wconf 89' lang='lat' dir='ltr'>Romanorum</span> <span class='ocrx_word' id='word_1_40' title='bbox 1210 989 1278 1034; x_wconf 89' lang='lat' dir='ltr'>cum</span> 
     </span>
     <span class='ocr_line' id='line_1_6' title="bbox 157 1068 1279 1150; baseline 0.001 -17"><span class='ocrx_word' id='word_1_41' title='bbox 157 1071 296 1135; x_wconf 89' lang='lat' dir='ltr'>barbaris</span> <span class='ocrx_word' id='word_1_42' title='bbox 318 1068 549 1150; x_wconf 87' lang='lat' dir='ltr'>provincialibus</span> <span class='ocrx_word' id='word_1_43' title='bbox 572 1070 677 1131; x_wconf 84' lang='lat' dir='ltr'>foedus</span> <span class='ocrx_word' id='word_1_44' title='bbox 699 1088 759 1130; x_wconf 93' lang='lat' dir='ltr'>non</span> <span class='ocrx_word' id='word_1_45' title='bbox 782 1071 821 1132; x_wconf 88' lang='lat' dir='ltr'>ita</span> <span class='ocrx_word' id='word_1_46' title='bbox 845 1089 911 1132; x_wconf 89' lang='grc'><strong>3333</strong></span> <span class='ocrx_word' id='word_1_47' title='bbox 933 1071 1176 1150; x_wconf 83' lang='lat' dir='ltr'>intellegendum,</span> <span class='ocrx_word' id='word_1_48' title='bbox 1200 1075 1279 1134; x_wconf 89' lang='lat' dir='ltr'>utin</span> 
     </span>
     <span class='ocr_line' id='line_1_7' title="bbox 158 1171 1278 1255; baseline -0.001 -19"><span class='ocrx_word' id='word_1_49' title='bbox 158 1175 270 1239; x_wconf 85' lang='lat' dir='ltr'>exteris</span> <span class='ocrx_word' id='word_1_50' title='bbox 297 1173 390 1234; x_wconf 88' lang='lat' dir='ltr'>rebus</span> <span class='ocrx_word' id='word_1_51' title='bbox 419 1172 479 1234; x_wconf 89' lang='lat' dir='ltr'>ulla</span> <span class='ocrx_word' id='word_1_52' title='bbox 507 1173 644 1234; x_wconf 89' lang='lat' dir='ltr'>libertate</span> <span class='ocrx_word' id='word_1_53' title='bbox 672 1173 845 1233; x_wconf 85' lang='lat' dir='ltr'>fruerentur</span> <span class='ocrx_word' id='word_1_54' title='bbox 873 1171 1028 1235; x_wconf 83' lang='lat' dir='ltr'>Tolosates</span> <span class='ocrx_word' id='word_1_55' title='bbox 1061 1175 1122 1236; x_wconf 89' lang='grc'><strong>3133</strong></span> <span class='ocrx_word' id='word_1_56' title='bbox 1151 1176 1202 1255; x_wconf 90' lang='lat' dir='ltr'>qui</span> <span class='ocrx_word' id='word_1_57' title='bbox 1227 1174 1278 1236; x_wconf 92' lang='lat' dir='ltr'>alii</span> 
     </span>
     <span class='ocr_line' id='line_1_8' title="bbox 158 1273 1277 1344; baseline 0.001 -6"><span class='ocrx_word' id='word_1_58' title='bbox 158 1283 243 1338; x_wconf 90' lang='lat' dir='ltr'>erant</span> <span class='ocrx_word' id='word_1_59' title='bbox 265 1275 426 1344; x_wconf 55' lang='grc'><strong>1331133313</strong></span> <span class='ocrx_word' id='word_1_60' title='bbox 450 1277 541 1337; x_wconf 92' lang='lat' dir='ltr'>immo</span> <span class='ocrx_word' id='word_1_61' title='bbox 565 1274 662 1334; x_wconf 91' lang='lat' dir='ltr'>omnis</span> <span class='ocrx_word' id='word_1_62' title='bbox 685 1291 789 1334; x_wconf 89' lang='lat' dir='ltr'>eorum</span> <span class='ocrx_word' id='word_1_63' title='bbox 811 1273 934 1337; x_wconf 86' lang='lat' dir='ltr'>libertas</span> <span class='ocrx_word' id='word_1_64' title='bbox 956 1275 987 1336; x_wconf 92' lang='lat' dir='ltr'>in</span> <span class='ocrx_word' id='word_1_65' title='bbox 1010 1293 1045 1336; x_wconf 91' lang='lat' dir='ltr'>eo</span> <span class='ocrx_word' id='word_1_66' title='bbox 1067 1276 1185 1338; x_wconf 89' lang='lat' dir='ltr'>videtur</span> <span class='ocrx_word' id='word_1_67' title='bbox 1207 1296 1277 1339; x_wconf 90' lang='lat' dir='ltr'>con·</span> 
     </span>
     <span class='ocr_line' id='line_1_9' title="bbox 158 1377 1279 1457; baseline -0.002 -17"><span class='ocrx_word' id='word_1_68' title='bbox 158 1381 285 1448; x_wconf 87' lang='lat' dir='ltr'>stitisse,</span> <span class='ocrx_word' id='word_1_69' title='bbox 311 1385 344 1438; x_wconf 90' lang='lat' dir='ltr'>ut</span> <span class='ocrx_word' id='word_1_70' title='bbox 365 1377 550 1457; x_wconf 84' lang='lat' dir='ltr'>stipendiarii</span> <span class='ocrx_word' id='word_1_71' title='bbox 577 1395 638 1437; x_wconf 92' lang='lat' dir='ltr'>non</span> <span class='ocrx_word' id='word_1_72' title='bbox 661 1381 777 1444; x_wconf 86' lang='lat' dir='ltr'>essent,</span> <span class='ocrx_word' id='word_1_73' title='bbox 805 1377 823 1436; x_wconf 96' lang='grc'>1.</span> <span class='ocrx_word' id='word_1_74' title='bbox 850 1395 874 1437; x_wconf 88' lang='lat' dir='ltr'>c.</span> <span class='ocrx_word' id='word_1_75' title='bbox 900 1394 997 1437; x_wconf 86' lang='lat' dir='ltr'>annua</span> <span class='ocrx_word' id='word_1_76' title='bbox 1023 1395 1084 1439; x_wconf 92' lang='lat' dir='ltr'>non</span> <span class='ocrx_word' id='word_1_77' title='bbox 1112 1378 1279 1457; x_wconf 84' lang='lat' dir='ltr'>penderent</span> 
     </span>
     <span class='ocr_line' id='line_1_10' title="bbox 158 1477 1279 1562; baseline 0 -21"><span class='ocrx_word' id='word_1_78' title='bbox 158 1480 321 1562; x_wconf 89' lang='lat' dir='ltr'>stipendia;</span> <span class='ocrx_word' id='word_1_79' title='bbox 351 1485 524 1549; x_wconf 82' lang='lat' dir='ltr'>contram,</span> <span class='ocrx_word' id='word_1_80' title='bbox 554 1479 631 1539; x_wconf 86' lang='lat' dir='ltr'>sicut</span> <span class='ocrx_word' id='word_1_81' title='bbox 658 1479 716 1556; x_wconf 90' lang='lat' dir='ltr'>ipsi</span> <span class='ocrx_word' id='word_1_82' title='bbox 742 1477 946 1540; x_wconf 86' lang='lat' dir='ltr'>Romanorum</span> <span class='ocrx_word' id='word_1_83' title='bbox 973 1481 1112 1540; x_wconf 87' lang='lat' dir='ltr'>invocare</span> <span class='ocrx_word' id='word_1_84' title='bbox 1139 1486 1279 1560; x_wconf 88' lang='lat' dir='ltr'>poteraut</span> 
     </span>
     <span class='ocr_line' id='line_1_11' title="bbox 158 1564 1276 1663; baseline 0.001 -20"><span class='ocrx_word' id='word_1_85' title='bbox 158 1589 264 1644; x_wconf 92' lang='lat' dir='ltr'>contra</span> <span class='ocrx_word' id='word_1_86' title='bbox 285 1579 387 1642; x_wconf 89' lang='lat' dir='ltr'>hostes</span> <span class='ocrx_word' id='word_1_87' title='bbox 410 1580 565 1650; x_wconf 83' lang='lat' dir='ltr'>auxilium,</span> <span class='ocrx_word' id='word_1_88' title='bbox 594 1581 635 1640; x_wconf 86' lang='lat' dir='ltr'>ita</span> <span class='ocrx_word' id='word_1_89' title='bbox 663 1579 699 1640; x_wconf 92' lang='lat' dir='ltr'>ad</span> <span class='ocrx_word' id='word_1_90' title='bbox 727 1577 805 1640; x_wconf 90' lang='lat' dir='ltr'>bella</span> <span class='ocrx_word' id='word_1_91' title='bbox 829 1597 845 1639; x_wconf 92' lang='lat' dir='ltr'>a</span> <span class='ocrx_word' id='word_1_92' title='bbox 876 1564 1017 1642; x_wconf 88' lang='lat' dir='ltr'>Romanis</span> <span class='ocrx_word' id='word_1_93' title='bbox 1045 1583 1177 1659; x_wconf 84' lang='lat' dir='ltr'>gerenda</span> <span class='ocrx_word' id='word_1_94' title='bbox 1205 1600 1276 1663; x_wconf 91' lang='lat' dir='ltr'>sup·</span> 
     </span>
     <span class='ocr_line' id='line_1_12' title="bbox 155 1681 1278 1765; baseline -0.003 -19"><span class='ocrx_word' id='word_1_95' title='bbox 155 1685 326 1765; x_wconf 88' lang='lat' dir='ltr'>peditarent</span> <span class='ocrx_word' id='word_1_96' title='bbox 344 1682 468 1753; x_wconf 88' lang='lat' dir='ltr'>auxilia,</span> <span class='ocrx_word' id='word_1_97' title='bbox 492 1685 558 1762; x_wconf 91' lang='lat' dir='ltr'>ipso</span> <span class='ocrx_word' id='word_1_98' title='bbox 580 1681 703 1742; x_wconf 86' lang='lat' dir='ltr'>foedere</span> <span class='ocrx_word' id='word_1_99' title='bbox 727 1689 791 1742; x_wconf 89' lang='lat' dir='ltr'>crat</span> <span class='ocrx_word' id='word_1_100' title='bbox 813 1683 1003 1762; x_wconf 89' lang='lat' dir='ltr'>impositum,</span> <span class='ocrx_word' id='word_1_101' title='bbox 1026 1683 1154 1764; x_wconf 87' lang='lat' dir='ltr'>ideoque</span> <span class='ocrx_word' id='word_1_102' title='bbox 1173 1683 1278 1745; x_wconf 82' lang='lat' dir='ltr'>Cicero</span> 
     </span>
     <span class='ocr_line' id='line_1_13' title="bbox 157 1783 1276 1865; baseline -0.001 -18"><span class='ocrx_word' id='word_1_103' title='bbox 157 1786 210 1848; x_wconf 93' lang='lat' dir='ltr'>ubi</span> <span class='ocrx_word' id='word_1_104' title='bbox 233 1785 268 1864; x_wconf 89' lang='lat' dir='ltr'>(l.</span> <span class='ocrx_word' id='word_1_105' title='bbox 294 1804 319 1846; x_wconf 93' lang='lat' dir='ltr'>c.</span> <span class='ocrx_word' id='word_1_106' title='bbox 344 1793 405 1846; x_wconf 91' lang='lat' dir='ltr'>not.</span> <span class='ocrx_word' id='word_1_107' title='bbox 431 1783 486 1863; x_wconf 84' lang='lat'>35)</span> <span class='ocrx_word' id='word_1_108' title='bbox 511 1803 576 1854; x_wconf 89' lang='lat' dir='ltr'>eos,</span> <span class='ocrx_word' id='word_1_109' title='bbox 608 1785 660 1862; x_wconf 87' lang='lat' dir='ltr'>qui</span> <span class='ocrx_word' id='word_1_110' title='bbox 682 1785 792 1861; x_wconf 91' lang='lat' dir='ltr'>optima</span> <span class='ocrx_word' id='word_1_111' title='bbox 815 1786 845 1845; x_wconf 96' lang='lat' dir='ltr'>in</span> <span class='ocrx_word' id='word_1_112' title='bbox 869 1803 972 1847; x_wconf 85' lang='lat' dir='ltr'>caussa</span> <span class='ocrx_word' id='word_1_113' title='bbox 994 1783 1120 1856; x_wconf 83' lang='grc'><strong>1333131,</strong></span> <span class='ocrx_word' id='word_1_114' title='bbox 1151 1787 1276 1865; x_wconf 87' lang='lat' dir='ltr'>equites,</span> 
     </span>
     <span class='ocr_line' id='line_1_14' title="bbox 157 1884 1276 1967; baseline -0.003 -18"><span class='ocrx_word' id='word_1_115' title='bbox 157 1889 357 1957; x_wconf 82' lang='lat' dir='ltr'>frumentum,</span> <span class='ocrx_word' id='word_1_116' title='bbox 387 1888 545 1966; x_wconf 90' lang='lat' dir='ltr'>pecuniam</span> <span class='ocrx_word' id='word_1_117' title='bbox 568 1884 660 1946; x_wconf 89' lang='lat' dir='ltr'>semel</span> <span class='ocrx_word' id='word_1_118' title='bbox 689 1893 777 1965; x_wconf 87' lang='lat' dir='ltr'>atque</span> <span class='ocrx_word' id='word_1_119' title='bbox 799 1887 907 1946; x_wconf 88' lang='lat' dir='ltr'>iterum</span> <span class='ocrx_word' id='word_1_120' title='bbox 931 1904 964 1946; x_wconf 91' lang='lat' dir='ltr'>ac</span> <span class='ocrx_word' id='word_1_121' title='bbox 992 1889 1110 1967; x_wconf 90' lang='lat' dir='ltr'>saepius</span> <span class='ocrx_word' id='word_1_122' title='bbox 1136 1887 1276 1948; x_wconf 88' lang='lat' dir='ltr'>invitissi-</span> 
     </span>
     <span class='ocr_line' id='line_1_15' title="bbox 158 1986 1276 2068; baseline -0.003 -17"><span class='ocrx_word' id='word_1_123' title='bbox 158 2009 223 2052; x_wconf 90' lang='lat' dir='ltr'>mos</span> <span class='ocrx_word' id='word_1_124' title='bbox 239 1989 311 2050; x_wconf 89' lang='lat' dir='ltr'>dare</span> <span class='ocrx_word' id='word_1_125' title='bbox 333 1993 452 2049; x_wconf 89' lang='grc'><strong>3333133</strong></span> <span class='ocrx_word' id='word_1_126' title='bbox 468 2006 533 2049; x_wconf 88' lang='grc'><strong>3333</strong></span> <span class='ocrx_word' id='word_1_127' title='bbox 555 1987 634 2056; x_wconf 91' lang='lat' dir='ltr'>dicit,</span> <span class='ocrx_word' id='word_1_128' title='bbox 659 1986 725 2048; x_wconf 92' lang='lat' dir='ltr'>illos</span> <span class='ocrx_word' id='word_1_129' title='bbox 747 1987 862 2049; x_wconf 89' lang='lat' dir='ltr'>videtur</span> <span class='ocrx_word' id='word_1_130' title='bbox 877 1988 1044 2064; x_wconf 83' lang='lat' dir='ltr'>designare,</span> <span class='ocrx_word' id='word_1_131' title='bbox 1068 1990 1118 2068; x_wconf 87' lang='lat' dir='ltr'>qui</span> <span class='ocrx_word' id='word_1_132' title='bbox 1140 1987 1276 2048; x_wconf 86' lang='lat' dir='ltr'>foedera·</span> 
     </span>
     <span class='ocr_line' id='line_1_16' title="bbox 159 2089 1278 2167; baseline -0.004 -13"><span class='ocrx_word' id='word_1_133' title='bbox 159 2100 258 2155; x_wconf 87' lang='lat' dir='ltr'>torum</span> <span class='ocrx_word' id='word_1_134' title='bbox 281 2089 347 2152; x_wconf 84' lang='lat' dir='ltr'>loco</span> <span class='ocrx_word' id='word_1_135' title='bbox 363 2098 456 2150; x_wconf 87' lang='lat' dir='ltr'>crant.</span> <span class='ocrx_word' id='word_1_136' title='bbox 477 2124 511 2134; x_wconf 96' lang='lat'>—</span> <span class='ocrx_word' id='word_1_137' title='bbox 531 2089 595 2161; x_wconf 85' lang='lat' dir='ltr'>Quo</span> <span class='ocrx_word' id='word_1_138' title='bbox 613 2089 702 2151; x_wconf 93' lang='lat' dir='ltr'>modo</span> <span class='ocrx_word' id='word_1_139' title='bbox 718 2108 785 2150; x_wconf 90' lang='lat' dir='ltr'>cum</span> <span class='ocrx_word' id='word_1_140' title='bbox 801 2106 872 2167; x_wconf 85' lang='lat' dir='ltr'>erga</span> <span class='ocrx_word' id='word_1_141' title='bbox 885 2090 1036 2151; x_wconf 88' lang='lat' dir='ltr'>Romanos</span> <span class='ocrx_word' id='word_1_142' title='bbox 1052 2094 1160 2151; x_wconf 88' lang='lat' dir='ltr'>statuta</span> <span class='ocrx_word' id='word_1_143' title='bbox 1176 2096 1278 2150; x_wconf 89' lang='lat' dir='ltr'>essent</span> 
     </span>
     <span class='ocr_line' id='line_1_17' title="bbox 159 2189 1276 2272; baseline -0.004 -17"><span class='ocrx_word' id='word_1_144' title='bbox 159 2192 313 2256; x_wconf 78' lang='lat' dir='ltr'>Gallorum</span> <span class='ocrx_word' id='word_1_145' title='bbox 336 2192 441 2260; x_wconf 86' lang='lat' dir='ltr'>officia,</span> <span class='ocrx_word' id='word_1_146' title='bbox 465 2192 495 2252; x_wconf 96' lang='lat' dir='ltr'>in</span> <span class='ocrx_word' id='word_1_147' title='bbox 516 2192 643 2252; x_wconf 89' lang='lat' dir='ltr'>internis</span> <span class='ocrx_word' id='word_1_148' title='bbox 665 2190 765 2258; x_wconf 90' lang='lat' dir='ltr'>rebus,</span> <span class='ocrx_word' id='word_1_149' title='bbox 790 2198 913 2272; x_wconf 82' lang='lat' dir='ltr'>excepta</span> <span class='ocrx_word' id='word_1_150' title='bbox 935 2189 1046 2253; x_wconf 88' lang='lat' dir='ltr'>Gallica</span> <span class='ocrx_word' id='word_1_151' title='bbox 1061 2189 1208 2252; x_wconf 91' lang='lat' dir='ltr'>Narbonis</span> <span class='ocrx_word' id='word_1_152' title='bbox 1223 2209 1276 2269; x_wconf 93' lang='grc'>33-</span> 
     </span>
     <span class='ocr_line' id='line_1_18' title="bbox 158 2291 1277 2376; baseline -0.003 -20"><span class='ocrx_word' id='word_1_153' title='bbox 158 2297 220 2376; x_wconf 91' lang='lat' dir='ltr'>pidi</span> <span class='ocrx_word' id='word_1_154' title='bbox 243 2295 376 2363; x_wconf 89' lang='lat' dir='ltr'>civitate,</span> <span class='ocrx_word' id='word_1_155' title='bbox 405 2292 483 2354; x_wconf 92' lang='lat' dir='ltr'>haud</span> <span class='ocrx_word' id='word_1_156' title='bbox 512 2293 552 2353; x_wconf 91' lang='grc'>113</span> <span class='ocrx_word' id='word_1_157' title='bbox 574 2293 840 2361; x_wconf 80' lang='lat' dir='ltr'>multumridetur</span> <span class='ocrx_word' id='word_1_158' title='bbox 863 2311 929 2354; x_wconf 89' lang='lat' dir='ltr'>esse</span> <span class='ocrx_word' id='word_1_159' title='bbox 951 2298 1105 2354; x_wconf 86' lang='lat' dir='ltr'>mutatum.</span> <span class='ocrx_word' id='word_1_160' title='bbox 1157 2291 1194 2354; x_wconf 82' lang='lat' dir='ltr'>ut</span> <span class='ocrx_word' id='word_1_161' title='bbox 1214 2293 1277 2372; x_wconf 92' lang='lat' dir='ltr'>pri·</span> 
     </span>
     <span class='ocr_line' id='line_1_19' title="bbox 158 2393 1278 2476; baseline -0.004 -17"><span class='ocrx_word' id='word_1_162' title='bbox 158 2415 241 2459; x_wconf 92' lang='lat' dir='ltr'>mum</span> <span class='ocrx_word' id='word_1_163' title='bbox 263 2394 384 2476; x_wconf 88' lang='lat' dir='ltr'>quidem</span> <span class='ocrx_word' id='word_1_164' title='bbox 407 2397 590 2472; x_wconf 82' lang='lat' dir='ltr'>integrarum</span> <span class='ocrx_word' id='word_1_165' title='bbox 619 2413 722 2456; x_wconf 89' lang='lat' dir='ltr'>rerum</span> <span class='ocrx_word' id='word_1_166' title='bbox 748 2394 935 2473; x_wconf 88' lang='lat' dir='ltr'>publicarum</span> <span class='ocrx_word' id='word_1_167' title='bbox 967 2412 1076 2455; x_wconf 88' lang='lat' dir='ltr'>nornen</span> <span class='ocrx_word' id='word_1_168' title='bbox 1103 2395 1144 2456; x_wconf 87' lang='grc'>113</span> <span class='ocrx_word' id='word_1_169' title='bbox 1172 2393 1278 2456; x_wconf 90' lang='lat' dir='ltr'>saltem</span> 
     </span>
     <span class='ocr_line' id='line_1_20' title="bbox 157 2496 1278 2576; baseline -0.002 -16"><span class='ocrx_word' id='word_1_170' title='bbox 157 2501 194 2560; x_wconf 87' lang='lat' dir='ltr'>iis</span> <span class='ocrx_word' id='word_1_171' title='bbox 216 2516 284 2560; x_wconf 89' lang='grc'><strong>3333</strong></span> <span class='ocrx_word' id='word_1_172' title='bbox 307 2514 491 2566; x_wconf 89' lang='lat' dir='ltr'>concessum,</span> <span class='ocrx_word' id='word_1_173' title='bbox 516 2504 548 2557; x_wconf 87' lang='lat' dir='ltr'>ut</span> <span class='ocrx_word' id='word_1_174' title='bbox 569 2497 699 2576; x_wconf 89' lang='lat' dir='ltr'>propriis</span> <span class='ocrx_word' id='word_1_175' title='bbox 721 2498 851 2558; x_wconf 89' lang='lat' dir='ltr'>nummis</span> <span class='ocrx_word' id='word_1_176' title='bbox 871 2503 1037 2566; x_wconf 87' lang='lat' dir='ltr'>uterentur,</span> <span class='ocrx_word' id='word_1_177' title='bbox 1062 2497 1126 2556; x_wconf 86' lang='grc'><strong>3133</strong></span> <span class='ocrx_word' id='word_1_178' title='bbox 1148 2496 1193 2556; x_wconf 83' lang='grc'>331</span> <span class='ocrx_word' id='word_1_179' title='bbox 1216 2497 1278 2558; x_wconf 89' lang='grc'><strong>3133</strong></span> 
     </span>
     <span class='ocr_line' id='line_1_21' title="bbox 158 2597 1278 2682; baseline -0.004 -20"><span class='ocrx_word' id='word_1_180' title='bbox 158 2601 243 2682; x_wconf 89' lang='lat' dir='ltr'>quasi</span> <span class='ocrx_word' id='word_1_181' title='bbox 270 2597 415 2662; x_wconf 91' lang='lat' dir='ltr'>habemus</span> <span class='ocrx_word' id='word_1_182' title='bbox 441 2599 618 2660; x_wconf 89' lang='lat' dir='ltr'>testimonia.</span> <span class='ocrx_word' id='word_1_183' title='bbox 672 2599 805 2659; x_wconf 83' lang='lat' dir='ltr'>Diximus</span> <span class='ocrx_word' id='word_1_184' title='bbox 839 2616 928 2677; x_wconf 92' lang='lat' dir='ltr'>supra</span> <span class='ocrx_word' id='word_1_185' title='bbox 957 2597 993 2658; x_wconf 91' lang='lat' dir='ltr'>de</span> <span class='ocrx_word' id='word_1_186' title='bbox 1023 2617 1058 2659; x_wconf 94' lang='lat' dir='ltr'>eo</span> <span class='ocrx_word' id='word_1_187' title='bbox 1087 2615 1278 2659; x_wconf 89' lang='lat' dir='ltr'>nummorum</span> 
     </span>
     <span class='ocr_line' id='line_1_22' title="bbox 159 2693 1279 2781; baseline -0.004 -17"><span class='ocrx_word' id='word_1_188' title='bbox 159 2702 340 2764; x_wconf 87' lang='lat' dir='ltr'>Gallicorum</span> <span class='ocrx_word' id='word_1_189' title='bbox 364 2717 489 2779; x_wconf 83' lang='lat' dir='ltr'>genere,</span> <span class='ocrx_word' id='word_1_190' title='bbox 519 2699 599 2780; x_wconf 91' lang='lat' dir='ltr'>quod</span> <span class='ocrx_word' id='word_1_191' title='bbox 626 2700 664 2761; x_wconf 95' lang='lat' dir='ltr'>ad</span> <span class='ocrx_word' id='word_1_192' title='bbox 686 2693 856 2781; x_wconf 85' lang='lat' dir='ltr'>exemplum</span> <span class='ocrx_word' id='word_1_193' title='bbox 878 2699 1108 2762; x_wconf 83' lang='lat' dir='ltr'>Massiliensium</span> <span class='ocrx_word' id='word_1_194' title='bbox 1130 2701 1279 2778; x_wconf 83' lang='lat' dir='ltr'>signatum</span> 
     </span>
     <span class='ocr_line' id='line_1_23' title="bbox 157 2799 1278 2888; baseline -0.004 -22"><span class='ocrx_word' id='word_1_195' title='bbox 157 2803 292 2888; x_wconf 74' lang='lat' dir='ltr'>pondus,</span> <span class='ocrx_word' id='word_1_196' title='bbox 316 2805 450 2881; x_wconf 82' lang='lat' dir='ltr'>signum,</span> <span class='ocrx_word' id='word_1_197' title='bbox 474 2800 641 2864; x_wconf 88' lang='lat' dir='ltr'>litterarum</span> <span class='ocrx_word' id='word_1_198' title='bbox 664 2803 790 2864; x_wconf 83' lang='lat' dir='ltr'>formam</span> <span class='ocrx_word' id='word_1_199' title='bbox 813 2799 941 2863; x_wconf 89' lang='lat' dir='ltr'>habebat</span> <span class='ocrx_word' id='word_1_200' title='bbox 962 2821 979 2863; x_wconf 95' lang='lat' dir='ltr'>a</span> <span class='ocrx_word' id='word_1_201' title='bbox 1000 2801 1138 2868; x_wconf 88' lang='lat' dir='ltr'>Graecis;</span> <span class='ocrx_word' id='word_1_202' title='bbox 1169 2801 1278 2878; x_wconf 88' lang='lat' dir='ltr'>quibus</span> 
     </span>
     <span class='ocr_line' id='line_1_24' title="bbox 157 2901 1279 2983; baseline -0.007 -15"><span class='ocrx_word' id='word_1_203' title='bbox 157 2906 289 2968; x_wconf 90' lang='lat' dir='ltr'>nummis</span> <span class='ocrx_word' id='word_1_204' title='bbox 310 2906 370 2966; x_wconf 88' lang='lat' dir='ltr'>iam</span> <span class='ocrx_word' id='word_1_205' title='bbox 399 2903 563 2965; x_wconf 89' lang='lat' dir='ltr'>succedunt</span> <span class='ocrx_word' id='word_1_206' title='bbox 592 2903 654 2972; x_wconf 90' lang='lat' dir='ltr'>alii,</span> <span class='ocrx_word' id='word_1_207' title='bbox 684 2905 736 2983; x_wconf 91' lang='lat' dir='ltr'>qui</span> <span class='ocrx_word' id='word_1_208' title='bbox 758 2902 870 2964; x_wconf 91' lang='lat' dir='ltr'>Latinis</span> <span class='ocrx_word' id='word_1_209' title='bbox 897 2901 1004 2963; x_wconf 89' lang='lat' dir='ltr'>litteris</span> <span class='ocrx_word' id='word_1_210' title='bbox 1031 2902 1168 2979; x_wconf 87' lang='lat' dir='ltr'>inscripti</span> <span class='ocrx_word' id='word_1_211' title='bbox 1196 2902 1279 2979; x_wconf 83' lang='lat' dir='ltr'>signa</span> 
     </span>
     <span class='ocr_line' id='line_1_25' title="bbox 158 3002 1279 3082; baseline -0.006 -13"><span class='ocrx_word' id='word_1_212' title='bbox 158 3007 271 3069; x_wconf 89' lang='lat' dir='ltr'>babent</span> <span class='ocrx_word' id='word_1_213' title='bbox 293 3005 328 3066; x_wconf 91' lang='lat' dir='ltr'>ad</span> <span class='ocrx_word' id='word_1_214' title='bbox 343 3005 546 3068; x_wconf 87' lang='lat' dir='ltr'>Romanorum</span> <span class='ocrx_word' id='word_1_215' title='bbox 569 3023 706 3066; x_wconf 92' lang='lat' dir='ltr'>nummos</span> <span class='ocrx_word' id='word_1_216' title='bbox 728 3006 863 3072; x_wconf 86' lang='lat' dir='ltr'>formata,</span> <span class='ocrx_word' id='word_1_217' title='bbox 887 3002 1004 3082; x_wconf 91' lang='lat' dir='ltr'>pondus</span> <span class='ocrx_word' id='word_1_218' title='bbox 1026 3008 1126 3062; x_wconf 91' lang='lat' dir='ltr'>autem</span> <span class='ocrx_word' id='word_1_219' title='bbox 1148 3003 1279 3062; x_wconf 86' lang='lat' dir='ltr'>retinent</span> 
     </span>
     <span class='ocr_line' id='line_1_26' title="bbox 157 3104 1278 3179; baseline -0.005 -7"><span class='ocrx_word' id='word_1_220' title='bbox 157 3107 352 3172; x_wconf 85' lang='lat' dir='ltr'>Massiliense.</span> <span class='ocrx_word' id='word_1_221' title='bbox 392 3107 449 3179; x_wconf 84' lang='lat' dir='ltr'>Qui</span> <span class='ocrx_word' id='word_1_222' title='bbox 463 3109 578 3168; x_wconf 92' lang='lat' dir='ltr'>nummi</span> <span class='ocrx_word' id='word_1_223' title='bbox 593 3125 653 3166; x_wconf 94' lang='lat' dir='ltr'>non</span> <span class='ocrx_word' id='word_1_224' title='bbox 677 3105 772 3168; x_wconf 90' lang='lat' dir='ltr'>solum</span> <span class='ocrx_word' id='word_1_225' title='bbox 795 3105 872 3165; x_wconf 91' lang='lat' dir='ltr'>baud</span> <span class='ocrx_word' id='word_1_226' title='bbox 894 3123 964 3165; x_wconf 86' lang='lat' dir='ltr'>raro</span> <span class='ocrx_word' id='word_1_227' title='bbox 987 3105 1179 3164; x_wconf 90' lang='lat' dir='ltr'>inveniuntur</span> <span class='ocrx_word' id='word_1_228' title='bbox 1200 3104 1278 3166; x_wconf 87' lang='lat' dir='ltr'>intra</span> 
     </span>
     <span class='ocr_line' id='line_1_27' title="bbox 157 3206 1277 3292; baseline -0.006 -20"><span class='ocrx_word' id='word_1_229' title='bbox 157 3213 252 3292; x_wconf 91' lang='lat' dir='ltr'>ipsius</span> <span class='ocrx_word' id='word_1_230' title='bbox 274 3211 443 3290; x_wconf 86' lang='lat' dir='ltr'>provinciae</span> <span class='ocrx_word' id='word_1_231' title='bbox 466 3209 554 3279; x_wconf 88' lang='lat' dir='ltr'>fines,</span> <span class='ocrx_word' id='word_1_232' title='bbox 579 3208 632 3269; x_wconf 91' lang='lat' dir='ltr'>sed</span> <span class='ocrx_word' id='word_1_233' title='bbox 654 3209 741 3269; x_wconf 93' lang='lat' dir='ltr'>etiam</span> <span class='ocrx_word' id='word_1_234' title='bbox 766 3227 800 3268; x_wconf 87' lang='lat' dir='ltr'>ex</span> <span class='ocrx_word' id='word_1_235' title='bbox 823 3213 908 3287; x_wconf 84' lang='lat' dir='ltr'>parte</span> <span class='ocrx_word' id='word_1_236' title='bbox 930 3206 1051 3286; x_wconf 90' lang='lat' dir='ltr'>quidem</span> <span class='ocrx_word' id='word_1_237' title='bbox 1073 3221 1183 3266; x_wconf 91' lang='lat' dir='ltr'>nomen</span> <span class='ocrx_word' id='word_1_238' title='bbox 1205 3222 1277 3284; x_wconf 80' lang='lat' dir='ltr'>gen·</span> 
     </span>
     <span class='ocr_line' id='line_1_28' title="bbox 157 3306 1277 3390; baseline -0.006 -15"><span class='ocrx_word' id='word_1_239' title='bbox 157 3316 213 3383; x_wconf 87' lang='grc'><strong>113,</strong></span> <span class='ocrx_word' id='word_1_240' title='bbox 237 3314 323 3373; x_wconf 87' lang='lat' dir='ltr'>cuius</span> <span class='ocrx_word' id='word_1_241' title='bbox 346 3318 439 3381; x_wconf 87' lang='lat' dir='ltr'>erant,</span> <span class='ocrx_word' id='word_1_242' title='bbox 463 3329 535 3390; x_wconf 92' lang='lat' dir='ltr'>prae</span> <span class='ocrx_word' id='word_1_243' title='bbox 558 3329 590 3371; x_wconf 89' lang='grc'>33</span> <span class='ocrx_word' id='word_1_244' title='bbox 612 3311 728 3379; x_wconf 87' lang='lat' dir='ltr'>lerunt,</span> <span class='ocrx_word' id='word_1_245' title='bbox 754 3317 784 3370; x_wconf 90' lang='lat' dir='ltr'>ut</span> <span class='ocrx_word' id='word_1_246' title='bbox 807 3307 934 3389; x_wconf 84' lang='lat' dir='ltr'>exempli</span> <span class='ocrx_word' id='word_1_247' title='bbox 955 3309 1049 3386; x_wconf 83' lang='lat' dir='ltr'>gratia</span> <span class='ocrx_word' id='word_1_248' title='bbox 1072 3319 1143 3368; x_wconf 76' lang='lat' dir='ltr'>von</span> <span class='ocrx_word' id='word_1_249' title='bbox 1160 3319 1208 3367; x_wconf 78' lang='lat' dir='ltr'>AR</span> <span class='ocrx_word' id='word_1_250' title='bbox 1229 3306 1277 3368; x_wconf 92' lang='lat' dir='ltr'>lit·</span> 
     </span>
     <span class='ocr_line' id='line_1_29' title="bbox 158 3409 1277 3492; baseline -0.009 -14"><span class='ocrx_word' id='word_1_251' title='bbox 158 3425 241 3478; x_wconf 84' lang='lat' dir='ltr'>terae</span> <span class='ocrx_word' id='word_1_252' title='bbox 264 3412 337 3475; x_wconf 92' lang='lat' dir='ltr'>nibil</span> <span class='ocrx_word' id='word_1_253' title='bbox 359 3412 438 3474; x_wconf 92' lang='lat' dir='ltr'>aliud</span> <span class='ocrx_word' id='word_1_254' title='bbox 461 3420 586 3492; x_wconf 90' lang='lat' dir='ltr'>possunt</span> <span class='ocrx_word' id='word_1_255' title='bbox 611 3412 777 3490; x_wconf 80' lang='lat' dir='ltr'>significare</span> <span class='ocrx_word' id='word_1_256' title='bbox 800 3430 888 3490; x_wconf 89' lang='lat' dir='ltr'>quarn</span> <span class='ocrx_word' id='word_1_257' title='bbox 911 3409 1068 3470; x_wconf 80' lang='lat' dir='ltr'>Volcarum</span> <span class='ocrx_word' id='word_1_258' title='bbox 1090 3411 1277 3470; x_wconf 88' lang='lat' dir='ltr'>Arecomico-</span> 
     </span>
     <span class='ocr_line' id='line_1_30' title="bbox 157 3511 1279 3593; baseline -0.007 -15"><span class='ocrx_word' id='word_1_259' title='bbox 157 3535 227 3578; x_wconf 90' lang='lat' dir='ltr'>rum</span> <span class='ocrx_word' id='word_1_260' title='bbox 250 3533 375 3583; x_wconf 90' lang='lat' dir='ltr'>nomen;</span> <span class='ocrx_word' id='word_1_261' title='bbox 404 3521 558 3593; x_wconf 87' lang='lat' dir='ltr'>praeterea</span> <span class='ocrx_word' id='word_1_262' title='bbox 588 3532 664 3593; x_wconf 88' lang='lat' dir='ltr'>quae</span> <span class='ocrx_word' id='word_1_263' title='bbox 693 3518 813 3592; x_wconf 87' lang='lat' dir='ltr'>praeter</span> <span class='ocrx_word' id='word_1_264' title='bbox 841 3529 951 3573; x_wconf 90' lang='lat' dir='ltr'>nornen</span> <span class='ocrx_word' id='word_1_265' title='bbox 974 3511 1070 3589; x_wconf 82' lang='lat' dir='ltr'>gentis</span> <span class='ocrx_word' id='word_1_266' title='bbox 1092 3511 1279 3590; x_wconf 86' lang='lat' dir='ltr'>frequentius</span> 
     </span>
     <span class='ocr_line' id='line_1_31' title="bbox 157 3611 1277 3697; baseline -0.005 -18"><span class='ocrx_word' id='word_1_267' title='bbox 157 3618 302 3697; x_wconf 89' lang='lat' dir='ltr'>inscripta</span> <span class='ocrx_word' id='word_1_268' title='bbox 318 3616 458 3694; x_wconf 82' lang='lat' dir='ltr'>leguntur</span> <span class='ocrx_word' id='word_1_269' title='bbox 482 3613 631 3685; x_wconf 89' lang='lat' dir='ltr'>vocabula,</span> <span class='ocrx_word' id='word_1_270' title='bbox 656 3631 850 3696; x_wconf 87' lang='lat' dir='ltr'>quamquam,</span> <span class='ocrx_word' id='word_1_271' title='bbox 874 3631 941 3674; x_wconf 87' lang='lat' dir='ltr'>curn</span> <span class='ocrx_word' id='word_1_272' title='bbox 964 3611 1148 3691; x_wconf 85' lang='lat' dir='ltr'>compendiis</span> <span class='ocrx_word' id='word_1_273' title='bbox 1170 3611 1277 3673; x_wconf 82' lang='lat' dir='ltr'>verbo-</span> 
     </span>
     <span class='ocr_line' id='line_1_32' title="bbox 158 3712 1279 3798; baseline -0.008 -16"><span class='ocrx_word' id='word_1_274' title='bbox 158 3738 228 3782; x_wconf 87' lang='lat' dir='ltr'>rum</span> <span class='ocrx_word' id='word_1_275' title='bbox 251 3719 362 3798; x_wconf 87' lang='lat' dir='ltr'>scripta</span> <span class='ocrx_word' id='word_1_276' title='bbox 386 3734 479 3795; x_wconf 90' lang='lat' dir='ltr'>eaque</span> <span class='ocrx_word' id='word_1_277' title='bbox 500 3715 628 3778; x_wconf 87' lang='lat' dir='ltr'>barbara</span> <span class='ocrx_word' id='word_1_278' title='bbox 645 3712 724 3785; x_wconf 86' lang='grc'><strong>3131,</strong></span> <span class='ocrx_word' id='word_1_279' title='bbox 753 3717 818 3796; x_wconf 89' lang='grc'><strong>1333</strong></span> <span class='ocrx_word' id='word_1_280' title='bbox 845 3717 965 3776; x_wconf 90' lang='lat' dir='ltr'>nomina</span> <span class='ocrx_word' id='word_1_281' title='bbox 987 3717 1046 3775; x_wconf 90' lang='lat' dir='ltr'>iam</span> <span class='ocrx_word' id='word_1_282' title='bbox 1069 3730 1129 3774; x_wconf 90' lang='lat' dir='ltr'>non</span> <span class='ocrx_word' id='word_1_283' title='bbox 1152 3719 1279 3792; x_wconf 86' lang='lat' dir='ltr'>possunt</span> 
     </span>
     <span class='ocr_line' id='line_1_33' title="bbox 159 3813 1278 3897; baseline -0.008 -15"><span class='ocrx_word' id='word_1_284' title='bbox 159 3823 236 3892; x_wconf 88' lang='lat' dir='ltr'>erui,</span> <span class='ocrx_word' id='word_1_285' title='bbox 261 3819 399 3881; x_wconf 88' lang='lat' dir='ltr'>videntur</span> <span class='ocrx_word' id='word_1_286' title='bbox 420 3826 520 3880; x_wconf 86' lang='lat' dir='ltr'>tamen</span> <span class='ocrx_word' id='word_1_287' title='bbox 536 3837 602 3879; x_wconf 89' lang='grc'><strong>3333</strong></span> <span class='ocrx_word' id='word_1_288' title='bbox 620 3819 740 3880; x_wconf 89' lang='lat' dir='ltr'>nomina</span> <span class='ocrx_word' id='word_1_289' title='bbox 762 3813 989 3897; x_wconf 72' lang='lat' dir='ltr'>principum38),</span> <span class='ocrx_word' id='word_1_290' title='bbox 1013 3823 1047 3878; x_wconf 94' lang='lat' dir='ltr'>ut</span> <span class='ocrx_word' id='word_1_291' title='bbox 1068 3821 1223 3895; x_wconf 89' lang='lat' dir='ltr'>appareat,</span> <span class='ocrx_word' id='word_1_292' title='bbox 1247 3815 1278 3874; x_wconf 94' lang='lat' dir='ltr'>in</span> 
     </span>
    </p>
   </div>
   <div class='ocr_carea' id='block_1_3' title="bbox 159 4015 1280 4513">
    <p class='ocr_par' dir='ltr' id='par_1_3' title="bbox 159 4015 1279 4176">
     <span class='ocr_line' id='line_1_34' title="bbox 227 4015 1279 4089; baseline -0.011 -12"><span class='ocrx_word' id='word_1_293' title='bbox 227 4021 274 4088; x_wconf 75' lang='grc'>37)</span> <span class='ocrx_word' id='word_1_294' title='bbox 294 4021 354 4075; x_wconf 79' lang='lat' dir='ltr'>cie.</span> <span class='ocrx_word' id='word_1_295' title='bbox 371 4038 421 4089; x_wconf 93' lang='lat' dir='ltr'>pro</span> <span class='ocrx_word' id='word_1_296' title='bbox 439 4023 521 4074; x_wconf 82' lang='lat' dir='ltr'>Font.</span> <span class='ocrx_word' id='word_1_297' title='bbox 542 4025 606 4073; x_wconf 86' lang='grc'><strong>3313</strong></span> <span class='ocrx_word' id='word_1_298' title='bbox 625 4037 687 4087; x_wconf 84' lang='grc'><strong>333.</strong></span> <span class='ocrx_word' id='word_1_299' title='bbox 706 4022 752 4073; x_wconf 76' lang='grc'>101</span> <span class='ocrx_word' id='word_1_300' title='bbox 771 4022 815 4072; x_wconf 81' lang='lat' dir='ltr'>‘de</span> <span class='ocrx_word' id='word_1_301' title='bbox 833 4021 897 4074; x_wconf 88' lang='lat' dir='ltr'>bello</span> <span class='ocrx_word' id='word_1_302' title='bbox 914 4021 1114 4082; x_wconf 60' lang='lat' dir='ltr'>Vocontiorvm,</span> <span class='ocrx_word' id='word_1_303' title='bbox 1134 4017 1211 4068; x_wconf 85' lang='lat' dir='ltr'>cuius</span> <span class='ocrx_word' id='word_1_304' title='bbox 1223 4015 1279 4067; x_wconf 89' lang='lat' dir='ltr'>loci</span> 
     </span>
     <span class='ocr_line' id='line_1_35' title="bbox 159 4106 531 4176; baseline -0.022 -12"><span class='ocrx_word' id='word_1_305' title='bbox 159 4109 298 4176; x_wconf 80' lang='lat' dir='ltr'>expositio</span> <span class='ocrx_word' id='word_1_306' title='bbox 315 4106 461 4174; x_wconf 85' lang='lat' dir='ltr'>deperdita.</span> <span class='ocrx_word' id='word_1_307' title='bbox 479 4110 531 4158; x_wconf 85' lang='grc'><strong>331.</strong></span> 
     </span>
    </p>

    <p class='ocr_par' dir='ltr' id='par_1_4' title="bbox 159 4184 1280 4513">
     <span class='ocr_line' id='line_1_36' title="bbox 228 4184 1279 4256; baseline -0.01 -12"><span class='ocrx_word' id='word_1_308' title='bbox 228 4192 271 4256; x_wconf 86' lang='grc'>38)</span> <span class='ocrx_word' id='word_1_309' title='bbox 290 4192 431 4244; x_wconf 80' lang='lat' dir='ltr'>Barbaros</span> <span class='ocrx_word' id='word_1_310' title='bbox 449 4205 571 4243; x_wconf 87' lang='lat' dir='ltr'>nummos</span> <span class='ocrx_word' id='word_1_311' title='bbox 586 4191 770 4242; x_wconf 79' lang='lat' dir='ltr'>Romanorum</span> <span class='ocrx_word' id='word_1_312' title='bbox 790 4192 884 4240; x_wconf 83' lang='grc'><strong>331313</strong></span> <span class='ocrx_word' id='word_1_313' title='bbox 902 4188 933 4238; x_wconf 87' lang='grc'>13</span> <span class='ocrx_word' id='word_1_314' title='bbox 944 4185 1118 4239; x_wconf 81' lang='lat' dir='ltr'>Narbonensi</span> <span class='ocrx_word' id='word_1_315' title='bbox 1135 4184 1279 4251; x_wconf 79' lang='lat' dir='ltr'>provincie</span> 
     </span>
     <span class='ocr_line' id='line_1_37' title="bbox 159 4267 1278 4344; baseline -0.009 -16"><span class='ocrx_word' id='word_1_316' title='bbox 159 4279 286 4344; x_wconf 80' lang='lat' dir='ltr'>signatos</span> <span class='ocrx_word' id='word_1_317' title='bbox 305 4275 419 4328; x_wconf 86' lang='lat' dir='ltr'>exhibet</span> <span class='ocrx_word' id='word_1_318' title='bbox 435 4276 479 4327; x_wconf 89' lang='lat' dir='ltr'>De</span> <span class='ocrx_word' id='word_1_319' title='bbox 497 4275 526 4326; x_wconf 86' lang='grc'>13</span> <span class='ocrx_word' id='word_1_320' title='bbox 545 4275 697 4341; x_wconf 75' lang='lat' dir='ltr'>sausseye,</span> <span class='ocrx_word' id='word_1_321' title='bbox 716 4273 935 4336; x_wconf 83' lang='lat' dir='ltr'>Numismetique</span> <span class='ocrx_word' id='word_1_322' title='bbox 953 4287 978 4337; x_wconf 89' lang='lat' dir='ltr'>p.</span> <span class='ocrx_word' id='word_1_323' title='bbox 999 4273 1048 4322; x_wconf 80' lang='lat'>126</span> <span class='ocrx_word' id='word_1_324' title='bbox 1066 4267 1278 4336; x_wconf 77' lang='lat' dir='ltr'>(Allobrogum),</span> 
     </span>
     <span class='ocr_line' id='line_1_38' title="bbox 161 4349 1280 4427; baseline -0.013 -11"><span class='ocrx_word' id='word_1_325' title='bbox 161 4365 211 4416; x_wconf 77' lang='lat'>132</span> <span class='ocrx_word' id='word_1_326' title='bbox 236 4359 478 4427; x_wconf 83' lang='lat' dir='ltr'>(Vocontiorum),</span> <span class='ocrx_word' id='word_1_327' title='bbox 497 4361 546 4412; x_wconf 77' lang='lat'>135</span> <span class='ocrx_word' id='word_1_328' title='bbox 566 4358 750 4424; x_wconf 75' lang='lat' dir='ltr'>(Generum),</span> <span class='ocrx_word' id='word_1_329' title='bbox 775 4359 823 4409; x_wconf 84' lang='grc'>148</span> <span class='ocrx_word' id='word_1_330' title='bbox 843 4355 1012 4423; x_wconf 77' lang='lat' dir='ltr'>(Volcarum</span> <span class='ocrx_word' id='word_1_331' title='bbox 1034 4349 1280 4420; x_wconf 82' lang='lat' dir='ltr'>Arecomicorum),</span> 
     </span>
     <span class='ocr_line' id='line_1_39' title="bbox 160 4437 1279 4513; baseline -0.006 -16"><span class='ocrx_word' id='word_1_332' title='bbox 160 4447 210 4497; x_wconf 78' lang='lat'>155</span> <span class='ocrx_word' id='word_1_333' title='bbox 228 4443 399 4513; x_wconf 72' lang='lat' dir='ltr'>(Nemorosi),</span> <span class='ocrx_word' id='word_1_334' title='bbox 420 4446 468 4496; x_wconf 78' lang='grc'>171</span> <span class='ocrx_word' id='word_1_335' title='bbox 488 4443 642 4510; x_wconf 81' lang='grc'><strong>(11331133),</strong></span> <span class='ocrx_word' id='word_1_336' title='bbox 667 4445 716 4495; x_wconf 89' lang='grc'>180</span> <span class='ocrx_word' id='word_1_337' title='bbox 736 4439 955 4509; x_wconf 80' lang='lat' dir='ltr'>(Sextantionis).</span> <span class='ocrx_word' id='word_1_338' title='bbox 997 4437 1101 4494; x_wconf 77' lang='lat' dir='ltr'>contra</span> <span class='ocrx_word' id='word_1_339' title='bbox 1118 4439 1279 4504; x_wconf 84' lang='lat' dir='ltr'>Mommsen,</span> 
     </span>
    </p>
   </div>
   <div class='ocr_carea' id='block_1_4' title="bbox 0 0 1600 5162">
    <p class='ocr_par' dir='ltr' id='par_1_5' title="bbox 0 0 1600 5162">
     <span class='ocr_line' id='line_1_40' title="bbox 0 0 1600 5162; baseline 0 0"><span class='ocrx_word' id='word_1_340' title='bbox 0 0 1600 5162; x_wconf 95' lang='lat' dir='ltr'> </span> 
     </span>
    </p>
   </div>
  </div>
 </body>
</html>
