3124 5168
282 451 347 497 VIII

282 603 360 667 mite
381 623 460 665 usus
483 600 648 684 Seguiero,
671 597 850 664 Muratorio
873 605 996 677 autem,
1018 595 1112 660 cuius
1135 616 1252 682 corpus
1275 593 1400 660 editum

283 712 333 768 est
355 726 385 768 a.
409 711 507 783 1739,
531 699 666 765 Bimard
688 720 754 764 non
776 701 880 763 solum
898 697 1009 764 titulos
1028 698 1116 763 misit
1136 719 1195 784 per
1216 696 1359 762 Galliam
1381 718 1400 760 a

284 828 318 870 se
337 803 501 883 collectos,
526 802 583 867 sed
607 803 641 866 in
662 801 900 889 prolegomenis
923 821 1050 886 quoque
1073 801 1162 886 operi
1176 797 1399 864 Muratoriano

282 906 467 994 praemissis
496 898 537 970 de
564 904 689 990 patriae
718 925 796 968 suae
818 903 1033 968 monumentis
1061 903 1138 987 egit.
1183 899 1331 980 Quorum
1353 900 1400 965 vi·

282 1029 392 1072 rorum
413 1029 512 1093 opera
534 1027 617 1092 quae
639 1005 671 1069 in
699 1004 804 1071 lucem
833 1005 921 1070 edita
948 1011 1025 1068 sunt
1045 1011 1253 1069 monumenta
1273 1002 1400 1067 Narbo·

281 1110 396 1175 nensis
423 1116 456 1172 et
485 1105 667 1194 supplenda
694 1115 726 1171 et
753 1105 945 1190 corrigenda
974 1104 1118 1192 suscepit
1144 1103 1295 1186 Millin,
1322 1104 1400 1168 insi·

282 1212 457 1297 gnIssimus
480 1209 712 1294 archaeologus
735 1208 944 1291 Parisiensis‚
967 1209 1023 1294 qui
1043 1207 1136 1273 initio
1157 1206 1254 1272 huius
1276 1205 1401 1270 saeculi

282 1311 526 1377 meridionalem
555 1308 697 1378 Galliam
725 1331 919 1396 peragrans,
951 1331 1032 1397 quos
1060 1310 1095 1374 in
1122 1329 1250 1395 quoque
1279 1307 1400 1394 oppido

282 1412 367 1479 vidit
388 1412 499 1478 titulos
522 1413 591 1477 sive
613 1434 714 1476 novos
738 1413 806 1476 sive
829 1411 870 1476 ab
892 1411 965 1476 aliis
987 1410 1072 1476 male
1094 1410 1281 1497 descriptos,
1304 1408 1401 1475 eolle-

282 1515 331 1600 git
358 1523 390 1580 et
417 1514 520 1579 edidit
546 1515 580 1578 in
602 1512 685 1578 libro
707 1512 894 1578 utilissimo:
932 1519 1051 1593 Voyaqe
1079 1516 1157 1575 dens
1184 1517 1227 1576 les
1254 1515 1400 1594 departe-

282 1626 375 1679 ments
402 1620 443 1680 du
464 1619 545 1679 Mitti
570 1619 608 1678 de
634 1621 665 1678 la
694 1619 821 1678 Franco.
855 1619 943 1679 Paris
967 1625 1044 1678 1804
1051 1624 1190 1689 -1811,·
1217 1612 1400 1701 supplendo

283 1725 392 1781 autem
413 1716 539 1782 Millino
563 1738 605 1781 cx
631 1726 724 1802 parte
747 1737 878 1802 operam
901 1716 991 1782 dedit
1012 1714 1186 1801 Prosper
1207 1715 1401 1781 Merimee

281 1821 316 1883 in
330 1818 430 1896 libro,
454 1819 510 1905 qui
524 1818 700 1902 inscriptus
716 1827 780 1882 est:
804 1821 889 1882 Notes
904 1819 975 1881 d'un
990 1837 1101 1898 uoyaqe
1115 1821 1193 1883 dans
1213 1824 1242 1883 le
1262 1822 1341 1882 Mida·
1362 1821 1402 1881 de

281 1927 313 1984 la
335 1925 464 1984 France.
496 1930 581 1982 1835.
626 1919 800 1985 Praeterea
827 1929 860 1984 et
887 1942 970 2006 quae
998 1919 1155 2005 augendis
1183 1942 1242 2005 per
1270 1921 1401 1984 univer-

282 2044 351 2087 sam
387 2020 647 2106 Francogalliam
684 2022 915 2108 antiquitatum
956 2021 1071 2087 studiis
1108 2020 1287 2088 destinatae
1323 2032 1403 2088 sunt

173 2205 175 2210 ¹
282 2123 503 2209 ephemerides
541 2125 699 2187 Memoires
731 2128 769 2186 de
799 2129 832 2187 lc
863 2125 971 2188 sociate
998 2129 1051 2188 des
1084 2131 1269 2203 antiquaire
1301 2127 1339 2188 dc
1357 2125 1402 2187 'Ia

281 2231 404 2290 Franco
423 2235 496 2288 1817
511 2244 573 2302 sqq.
597 2234 630 2290 et
651 2229 752 2289 Revue
767 2227 996 2303 crolle'oloqtque
1019 2237 1098 2290 1844
1112 2246 1185 2304 sqq,
1208 2246 1320 2307 novos,
1343 2227 1403 2312 qui

282 2327 402 2412 ubique
424 2327 643 2407 Inveniuntur,
666 2325 778 2392 titulos
801 2326 906 2392 solent
928 2327 1032 2409 edere,
1056 2337 1089 2394 et
1104 2329 1236 2414 quaein
1251 2326 1402 2392 meridio-

282 2427 411 2492 nalibus
435 2427 564 2512 oppidis
586 2429 706 2513 Aquis,
730 2428 900 2510 Nemausi,
924 2427 1092 2510 Narbone,
1123 2429 1262 2494 Tolosae
1283 2429 1403 2493 florent

284 2529 468 2594 academiae
497 2536 529 2592 et
557 2530 727 2595 societates
751 2529 1030 2616 archaeologieae,
1057 2531 1099 2595 ad
1121 2531 1345 2597 conservanda
1367 2541 1403 2595 et

238 2649 240 2654 ·
283 2628 411 2695 edenda
432 2631 634 2715 antiquitatis
656 2642 865 2698 monumenta
885 2641 1076 2718 perpetuam
1097 2631 1255 2698 adhibent
1276 2654 1402 2698 curam.

368 2781 458 2864 Quos
487 2782 654 2870 hucusque
683 2784 904 2848 recensuimus
932 2783 1033 2850 libros
1055 2785 1239 2871 generales,
1261 2786 1301 2850 iis
1324 2786 1401 2850 sub-

283 2886 448 2971 iungimus
470 2885 545 2965 hos,
574 2885 630 2969 qui
650 2883 703 2950 vel
724 2887 881 2950 maiorem
902 2885 1044 2972 aliquam
1065 2888 1252 2972 provinciae
1274 2886 1402 2952 Narbo-

283 2989 391 3052 nensis
414 2994 540 3073 partem
567 2984 620 3050 vel
643 2987 773 3074 singula
800 2988 919 3074 oppida
945 2988 1166 3054 describentes
1192 2998 1404 3052 monumenta

284 3088 494 3175 epigraphica
516 3087 734 3173 suppeditant.

367 3241 481 3305 Partes
502 3241 689 3326 provinciae·
711 3242 850 3307 maiores
873 3251 1030 3309 tractant:

351 3359 445 3422 Ostel‚
464 3361 588 3412 Histoire
607 3362 643 3412 du
660 3362 836 3429 Languedoc.
873 3364 1012 3416 Toulouse
1031 3365 1104 3418 1633.

350 3444 455 3496 Claude
473 3446 525 3496 Vic
545 3451 572 3496 et
590 3445 694 3514 Ioseph
713 3448 854 3513 Valsette,
873 3449 997 3500 Histoire
1016 3446 1147 3514 generale
1167 3447 1203 3498 du
1221 3450 1402 3517 Languedoc.

433 3531 513 3580 Paris
532 3533 602 3582 1730.
629 3546 711 3585 nour.
730 3529 796 3582 dett.
814 3548 866 3598 par
882 3532 959 3588 Alex.
978 3531 1112 3599 Dumege.
1149 3533 1286 3586 Toulouse
1305 3537 1382 3590 1840.

350 3615 476 3678 Bouche,
497 3615 703 3682 Chorographie
723 3622 751 3666 81
768 3617 882 3668 histoire
901 3619 934 3669 (18
953 3618 980 3670 la
997 3618 1149 3672 Provence.
1184 3619 1237 3669 Aix
1255 3619 1330 3670 1664.

350 3700 460 3764 Papon,
479 3699 601 3750 Histoire
620 3701 652 3750 de
670 3701 821 3752 Provence.
858 3703 938 3752 Paris
957 3702 1098 3754 1111-84.

350 3785 513 3850 Stetistique
532 3785 568 3834 du
586 3781 777 3851 de'partement
794 3785 843 3837 des
860 3786 1159 3840 couches-cunutus.
1196 3771 1272 3840 1824'.

350 3867 513 3933 Ddlacroix,
532 3869 696 3934 Statistique
715 3870 749 3920 (18
767 3870 796 3920 la
814 3870 924 3924 Drdme.

350 3955 463 4018 Henry,
487 3953 662 4006 Reeherches
685 3969 732 4006 snr
749 3955 778 4006 la
797 3952 967 4022 gdographis
986 3957 1122 4008 ancienne
1143 3960 1171 4008 81
1187 3957 1230 4008 188
1248 3957 1404 4023 antiquItds

434 4039 471 4089 du
488 4037 549 4105 ddp.
568 4039 617 4089 des
634 4039 844 4106 Bassos-Alpes.
864 4041 944 4096 deux.
964 4040 1029 4092 ddit.
1065 4043 1157 4108 Digne
1176 4043 1248 4095 1842.

350 4125 444 4190 Long,
467 4123 643 4174 Rceherches
666 4139 711 4174 aur
732 4124 773 4175 les
797 4124 948 4190 anIIquitds
971 4127 1109 4176 romaines
1132 4128 1168 4176 du
1189 4142 1257 4192 pays
1276 4126 1326 4178 dea
1345 4129 1406 4181 Vo-

435 4209 559 4259 contiens
586 4207 614 4256 in
642 4205 788 4259 Memoires
810 4208 953 4276 presentes
977 4209 994 4270 d
1015 4209 1116 4264 l'acad.
1140 4211 1189 4262 des
1212 4212 1338 4278 inscript.
1363 4215 1406 4267 II.

436 4289 507 4342 serie
526 4298 546 4347 1.
565 4295 588 4344 2.
607 4309 634 4358 p.
653 4293 702 4342 278
721 4307 781 4359 sqq.

352 4376 524 4440 Guichenon,
543 4378 666 4428 Histoire
684 4378 719 4428 (18
736 4378 765 4429 18
783 4380 889 4430 maison
906 4379 940 4430 de
959 4377 1069 4438 savoie.
1106 4381 1191 4431 Turia
1212 4381 1362 4440 1718-80,
