3148 5160
357 433 417 494 222
742 431 826 488 PARS
847 431 879 486 11.
924 431 1029 488 CAPVT
1052 432 1082 488 ΙΙ.

355 597 434 677 quod
457 604 576 658 senatus
598 597 716 674 legendi
739 598 866 658 cilicium
883 597 1068 677 praescribit.
1114 597 1292 667 invenimus,
1315 605 1478 676 praetores
1502 611 1506 628 ⁶

355 699 526 760 duumviros
548 698 759 760 Narbonenses
782 717 817 758 ex
841 699 962 760 decreto
985 699 1180 760 decurionum
1208 699 1245 758 de
1268 702 1395 780 pecunia
1415 718 1458 777 pu·
1551 683 1553 730 ἶ

292 787 318 822 ”
353 800 430 863 blice
453 821 534 863 aram
557 799 687 863 Volcano
709 800 887 880 ponendam,
912 819 1011 862 aream
1033 819 1102 862 arae
1125 802 1253 861 maceria
1277 801 1457 880 saepiendam

353 902 510 981 locumque
533 905 646 982 piscina
670 903 836 964 onerandum
864 922 969 964 curare
998 909 1027 963 ct
1055 922 1131 982 opus
1153 903 1318 981 perlectum
1342 897 1459 981 probare
1530 886 1553 930 7

355 1005 393 1084 (n.
420 1006 485 1085 16),
515 1007 736 1085 quattuorviros
765 1003 963 1066 Cabellieuses
991 1007 1091 1084 operis
1120 1002 1231 1083 publici
1256 1004 1360 1064 nescio
1389 1005 1459 1062 cuius
1551 1075 1553 1086 4

353 1126 454 1168 curam
476 1109 628 1185 suscipere
653 1109 692 1172 ln.
717 1105 803 1186 399),
834 1107 1024 1168 Sextantione
1053 1104 1163 1166 aediles
1188 1105 1404 1166 Nemausenses
1429 1122 1459 1164 ex
1509 1151 1512 1157 .
1550 1091 1553 1166 l

352 1209 473 1270 decreto
502 1209 694 1269 decurionum
725 1209 800 1268 viam
835 1207 988 1287 lacumque
1017 1207 1176 1268 reficienda
1204 1224 1310 1266 curare
1339 1206 1380 1286 (u.
1408 1205 1459 1285 88),

351 1311 429 1372 unde
452 1310 594 1380 videmus,
619 1329 718 1370 curam
742 1328 866 1388 operum
889 1309 1075 1388 publicorum
1098 1307 1290 1386 locorumque
1314 1305 1459 1369 sacrorum
1552 1341 1553 1366 t

352 1431 387 1472 ex
421 1413 595 1472 micturiente
628 1411 741 1472 ordinis
779 1429 870 1489 penes
904 1430 1034 1472 summos
1073 1413 1262 1488 magistratus
1300 1408 1459 1468 ordinarios

350 1514 441 1573 luisse
470 1519 557 1591 atque
586 1514 650 1573 lieri
677 1514 822 1591 potuisse,
855 1520 888 1572 ut
914 1531 975 1573 uon
1003 1512 1098 1574 solum
1126 1511 1303 1580 duumviris,
1334 1509 1387 1570 sed
1414 1509 1460 1568 toti
1552 1521 1553 1592 J

351 1616 621 1691 quattuorvirorum
645 1613 769 1691 collegio
791 1611 822 1672 id
838 1614 1044 1682 mandaretur;
1068 1613 1195 1692 denique
1212 1612 1344 1672 videmus
1368 1628 1459 1672 curam
1552 1621 1553 1666 t

349 1717 461 1776 viarum
478 1731 680 1793 aquarumque
696 1716 787 1776 luisse
802 1734 896 1794 penes
911 1715 1030 1776 aediles.
1062 1715 1119 1786 Qui
1141 1722 1239 1775 autem
1262 1713 1403 1774 dicuntur
1417 1731 1459 1771 ee·

350 1817 423 1877 diles
444 1820 606 1878 munerarii
622 1817 740 1879 Arelate
760 1816 798 1896 (n.
813 1817 883 1895 330)
908 1825 937 1876 et
951 1819 1041 1896 Aquis
1057 1817 1165 1877 Sextiis
1189 1815 1227 1896 (u.
1245 1816 1316 1895 368)
1328 1812 1392 1894 ¹⁵⁵),
1415 1832 1459 1873 eos

349 1938 449 1980 curam
473 1919 611 1982 habuisse
633 1919 771 1980 ludorum
793 1920 913 1980 nomine
935 1919 1090 1987 indicatur,
1114 1926 1200 1998 atque
1223 1936 1259 1977 ex
1285 1916 1459 1977 urbanorum
1551 1913 1553 1970 j

348 2023 549 2083 instituturum
566 2021 702 2100 exemplo
724 2028 823 2100 potest
846 2021 989 2090 concludi,
1013 2023 1043 2080 in
1061 2021 1203 2082 omnibus
1226 2020 1393 2097 immicipiis
1414 2037 1458 2078 cu·

348 2143 411 2185 ram
432 2131 582 2186 certorum
603 2123 739 2184 ludorum
762 2142 941 2192 annuorum,
966 2124 1016 2202 qui
1039 2141 1074 2182 ex
1098 2130 1182 2201 parte
1205 2111 1323 2200 quidem
1346 2127 1460 2198 sumptu

349 2227 497 2287 communi
525 2225 703 2294 edebantur,
735 2225 826 2303 luisse
854 2224 1007 2293 aedilium,
1040 2223 1262 2302 eorundemque
1286 2223 1379 2284 inisse
1401 2240 1459 2282 eam
1551 2234 1553 2300 j

348 2336 516 2405 sumptuum
543 2334 674 2406 partem,
710 2343 783 2402 quae
817 2345 877 2387 non
914 2345 950 2386 ex
984 2327 1134 2387 communi
1162 2325 1288 2404 pecunia
1321 2331 1386 2384 crat
1418 2342 1459 2383 as·
1552 2359 1553 2412 3

348 2430 470 2506 signata.
514 2429 606 2500 Quam
634 2431 820 2506 negotiorum
850 2428 1023 2490 divisionem
1050 2446 1086 2487 ex
1113 2424 1283 2487 nominibus
1309 2427 1460 2503 magistra·
1552 2415 1553 2418 ¹

347 2537 430 2590 tuum
445 2548 533 2608 supra
550 2528 587 2608 (p.
601 2535 662 2595 216
674 2529 728 2611 sq.)
746 2529 917 2607 collegimus
936 2532 967 2591 iu
981 2529 1191 2606 Allobrogibus
1207 2528 1329 2604 quidem
1345 2527 1460 2588 Traiani

347 2636 443 2691 aetate
464 2632 504 2693 ita
527 2633 618 2692 luisse
641 2638 792 2701 mutatam,
817 2640 850 2693 ut
872 2650 943 2692 cura
965 2631 1099 2692 locorum
1121 2648 1305 2710 operumque
1328 2627 1459 2708 publico·

346 2750 413 2792 rum
441 2733 631 2794 mandaretur
658 2735 787 2813 propriis
822 2734 916 2794 tribus
946 2732 1182 2811 magistratibus,
1212 2733 1261 2808 qui
1287 2733 1318 2790 iu
1341 2730 1399 2791 hoc
1420 2731 1460 2790 ol·

345 2835 411 2894 ticio
434 2837 620 2914 susciperent
643 2842 672 2896 et
694 2835 859 2895 aedilicium
882 2853 990 2895 munus
1013 2840 1042 2893 et
1064 2839 1178 2912 partem
1201 2834 1334 2893 muueris
1357 2832 1459 2894 duum·

345 2936 459 3006 viralis,
498 2955 569 2997 cura
606 2945 704 2997 autem
740 2937 848 2997 aerarii
877 2937 999 3015 proprio
1027 2935 1251 2995 duumvirorum
1282 2934 1460 2996 tribueretur
1552 2943 1553 2950 ’

346 3039 484 3116 collegio,
509 3039 649 3098 Nemausi
671 3057 740 3099 vero
764 3038 888 3098 vidimus
915 3039 1022 3097 aerarii
1044 3035 1330 3097 administrationem
1352 3035 1458 3116 paulla-
1552 3051 1553 3056 ’

345 3129 398 3200 tim
421 3146 533 3200 tantum
556 3140 662 3199 iecisse
683 3141 803 3217 negotii,
829 3146 859 3200 ut
882 3148 911 3198 et
925 3138 1126 3217 duplicaretur
1141 3157 1290 3198 summum
1307 3137 1457 3216 collegium
1551 3205 1553 3214 g

346 3246 375 3300 et
397 3259 506 3300 nomen
529 3239 565 3300 ab
588 3239 644 3300 boc
667 3241 763 3301 olticio
786 3243 943 3319 acciperet.
990 3239 1168 3300 Versabatur
1197 3247 1296 3300 autem
1320 3259 1389 3302 cura
1411 3257 1454 3299 ae·

276 3387 277 3393 0
345 3343 417 3401 rarii
438 3343 469 3401 in
492 3341 643 3419 exigendis
666 3341 865 3419 vectigalibus,
889 3344 919 3402 in
943 3341 1102 3402 vendendis
1118 3341 1310 3418 emendisque
1333 3339 1455 3422 praediis

345 3443 559 3513 communibus,
583 3443 613 3503 in
637 3442 780 3520 erigenda
802 3445 928 3522 pecunia
951 3444 1099 3503 communi
1122 3443 1272 3512 collocata,
1296 3445 1328 3504 iu
1344 3443 1452 3504 solven-

345 3542 391 3603 dis
413 3547 546 3622 pecuuiis
568 3544 688 3618 debitis,
717 3547 748 3605 in
770 3546 949 3624 accipiendis
976 3545 1062 3605 donis
1084 3533 1357 3622 legatisque'areae
1379 3561 1452 3621 com·

344 3647 428 3704 muni
450 3645 617 3714 destinatis,
641 3647 671 3704 in
694 3647 878 3723 assignandis
902 3649 1039 3716 summis
1071 3666 1146 3727 quae
1169 3647 1206 3708 ad
1228 3665 1320 3725 opera
1342 3644 1451 3726 publice

345 3751 375 3806 et
403 3765 486 3806 sacra
514 3748 681 3807 communia
709 3755 793 3808 erant
821 3747 950 3808 decreta.
1000 3747 1139 3829 Inprimis
1168 3755 1268 3808 autem
1296 3746 1450 3810 eorundem
1474 3805 1477 3812 ,

343 3849 582 3925 magistratuum,
612 3850 661 3924 qui
688 3848 865 3928 municipale
893 3849 1138 3911 administrabant
1167 3852 1329 3919 aerarium,
1356 3847 1447 3910 luerit,

344 3964 420 4027 quae
442 3968 496 4028 pro
518 3951 644 4028 imperio
667 3950 865 4028 erogabantur
888 3953 1047 4031 pecuniae,
1076 3971 1125 4012 eas
1153 3971 1169 4012 0
1197 3953 1366 4031 municipiis
1393 3949 1447 4008 exi·

343 4069 414 4129 gere
443 4056 471 4110 et
498 4041 623 4130 publiei's
653 4051 756 4130 populi
791 4053 916 4113 Romani
949 4053 1168 4130 magistratibus
1195 4053 1329 4120 tradere;
1358 4064 1446 4126 neque

344 4155 441 4212 miuus
463 4151 546 4221 inde,
570 4152 647 4231 quod
670 4169 742 4213 cura
763 4155 871 4213 aerarii
892 4171 984 4232 penes
1007 4173 1059 4214 eos
1088 4157 1279 4232 magistratus
1302 4159 1377 4220 erat,
1400 4146 1447 4224 qui

406 4370 464 4432 155)
476 4369 703 4430 Quibusfortasse
715 4371 876 4422 adnumeres
886 4373 1069 4423 munerarium
1075 4366 1444 4438 Nemausensemappmaee.
