3184 5162
539 454 623 520 PARS
644 464 662 520 l.
707 460 814 520 GAPV'l
836 464 854 520 l.
1212 467 1252 530 47

139 628 218 690 aCn.
237 628 365 689 Domitio
380 627 764 699 Ahenobarbo;'oiusmodi
783 637 882 692 autem
905 650 981 713 opus
1003 633 1093 711 incipi
1116 650 1176 693 non
1197 649 1251 711 po·

139 732 191 790 tuit
212 732 267 790 nisi
290 730 385 791 solide
414 741 558 811 occupato
587 735 669 794 omni
697 731 747 793 illo
776 740 887 803 tractu,
916 753 971 813 per
1000 750 1089 810 quem
1117 733 1252 794 ducenda

139 839 198 892 erat
219 834 278 900 vla;
308 832 507 894 deindecum
530 852 620 914 supra
635 835 807 904 *viderimus
831 854 936 896 omnes
952 833 1065 904 Volcas,
1088 836 1148 894 sive
1164 834 1249 913 quid·

137 933 203 1012 quid
225 933 378 995 Gallorum
401 936 480 997 inter
494 936 680 1006 Rhodanum,
703 933 883 1007 Cebennam,
906 938 1092 1017 Pyrenaeum
1114 936 1249 997 conside·

136 1034 191 1104 bat,
214 1036 244 1096 in
268 1035 405 1098 clientela
427 1039 631 1099 Arvernorum
653 1039 756 1108 luisse,
780 1045 935 1118 praeterea
957 1045 1056 1099 autern
1079 1040 1251 1100 commercii

135 1137 245 1198 ratione
268 1140 381 1200 arctius
404 1158 456 1200 eos
477 1141 595 1201 iunctos
619 1157 685 1201 esse
707 1140 951 1210 Massiliensibus,
974 1140 1040 1201 deri
1060 1160 1121 1203 uon
1143 1142 1249 1220 potuit,

23 1213 25 1252 ss
99 1267 100 1272 ¹
136 1239 202 1314 quin
224 1241 318 1301 fracta
342 1247 371 1301 et
393 1239 507 1301 sublata
522 1243 725 1304 Arvernorum
747 1243 879 1322 potentia
895 1240 1052 1304 Volcarum
1075 1261 1148 1320 gens
1170 1241 1250 1304 ultro

135 1339 271 1403 Romanis
295 1361 327 1403 se
349 1342 487 1412 dederet,
516 1342 644 1422 ideoque
666 1363 725 1404 non
748 1345 857 1405 mirum
881 1351 940 1414 est,
969 1344 1049 1422 quod
1071 1345 1108 1405 de
1131 1344 1251 1405 Domitii

134 1451 234 1505 contra
258 1443 364 1506 Voleas
385 1444 465 1506 bello
488 1443 562 1505 nibil
584 1445 722 1506 traditur.
768 1445 852 1508 Ultra
874 1446 1043 1510 Cebennam
1072 1445 1179 1506 deinde
1202 1463 1248 1506 se·

133 1547 333 1622 ptentriouem
348 1563 451 1607 versus
465 1547 603 1624 quoniam
618 1548 655 1608 de
667 1547 794 1609 Rutenis
804 1547 1035 1628 provincialibus
1047 1547 1119 1608 dicit
1131 1548 1247 1616 Caesar,

132 1665 197 1725 pars
220 1647 342 1726 quidem
364 1647 454 1710 buius
477 1665 595 1728 quoque
618 1650 716 1726 gentis
731 1650 882 1712 Romanae
904 1658 969 1711 tum
992 1650 1111 1711 ditionis
1133 1649 1252 1710 ridetur.

133 1766 194 1809 esse
216 1750 309 1819 lacta,
338 1749 426 1810 simul
454 1756 569 1821 autem,
597 1750 678 1830 qnod
706 1752 785 1813 idem
808 1753 916 1815 Caesar
944 1751 1000 1814 alio
1029 1751 1094 1812 loco
1124 1757 1250 1812 testatur

132 1867 224 1928 neque
245 1853 397 1914 Arvernos
420 1868 518 1929 neque
541 1852 674 1913 Rutenos
702 1855 732 1913 in
754 1855 924 1933 provinciae
952 1855 1077 1915 lormam
1106 1872 1172 1914 esse
1199 1871 1248 1912 re·

132 1951 237 2023 dactos,
259 1961 385 2033 apparet
400 1961 514 2032 partem
531 1954 610 2015 illam
626 1955 838 2034 provincialem
856 1953 935 2016 haud
956 1973 1093 2032 magnam
1107 1951 1247 2032 luisse.²³)

132 2053 235 2116 Contra
256 2057 394 2135 ipsorum
417 2058 635 2126 Arvernorum,
665 2064 697 2118 ut
725 2076 761 2116 ex
784 2056 834 2117 illo
858 2057 993 2117 Caesaris
1019 2055 1087 2116 loco
1114 2062 1246 2134 apparet,

132 2172 223 2233 neque
245 2156 414 2219 libertatem
437 2175 535 2236 neque
564 2176 652 2236 agros
674 2160 838 2236 attigerunt
860 2158 998 2226 Romani,
1029 2158 1099 2217 satis
1126 2155 1167 2216 ibi
1195 2156 1247 2217 ha·

131 2255 247 2329 bentes,
277 2261 409 2320 nominis
430 2262 476 2321 sui
499 2267 647 2323 terrorem
675 2260 793 2322 duobus
815 2261 951 2321 maximis
973 2257 1096 2339 proeliis
1117 2259 1149 2318 in
1171 2259 1246 2318 inte-

130 2361 234 2421 teriora
258 2361 371 2423 Galliae
386 2379 576 2442 propagasse,
600 2370 734 2424 ceterum
749 2362 921 2423 Aeduorum
942 2360 1047 2422 foedus
1062 2360 1161 2422 colere
1176 2359 1246 2421 alia·

102 2517 106 2520 .
129 2479 252 2540 rumque
275 2465 401 2543 insuper
422 2465 555 2542 gentium
578 2465 738 2526 amicitiam
761 2464 885 2526 ambire.
894 2460 930 2542 ²⁴)

159 2591 165 2600 ·
209 2564 293 2636 Quae
321 2571 479 2644 postquam
513 2574 634 2646 peracta
661 2574 744 2638 suut,
773 2569 848 2629 lines
876 2566 1045 2648 provinciae
1073 2563 1130 2626 hcc
1159 2564 1247 2626 modo

130 2663 230 2728 ductos
253 2666 310 2727 tibi
330 2668 438 2745 fingas:
463 2670 486 2729 A
508 2669 628 2729 sinistra
642 2669 778 2730 Rhodani
799 2670 863 2748 ripa
887 2687 954 2730 cum
976 2687 1046 2748 pars
1068 2668 1246 2746 septentrio·

128 2766 198 2829 nalis
220 2775 303 2830 esset
325 2786 396 2847 ager
417 2762 633 2848 Allobrogicus,
657 2788 713 2850 pro
736 2772 864 2831 termino
888 2777 952 2830 erat
973 2787 990 2828 a
1011 2771 1123 2830 Vienna
1145 2769 1181 2830 ad
1204 2768 1245 2829 la·

129 2886 193 2930 cum
214 2870 401 2932 Lemannum
424 2860 489 2950 ipse
511 2871 633 2940 liutius,
663 2891 679 2932 a
701 2872 852 2954 Lemanno
881 2881 979 2931 autem
1007 2870 1073 2932 lacu
1105 2870 1142 2931 ad
1164 2887 1247 2931 mare

129 2989 258 3033 summae
288 2971 378 3051 Alpes
405 2991 481 3052 quae
510 2975 541 3032 iu
570 2973 733 3034 Deciatium
761 2973 869 3034 linibus
897 2974 957 3033 sive
985 2989 1081 3052 prope
1108 2969 1246 3032 Nicaeam

129 3072 251 3135 Gallicos
282 3073 408 3152 Ligures
436 3075 472 3136 ab
501 3073 609 3135 ltalicis
637 3074 821 3143 dividebant;
852 3079 986 3135 ceterum
1013 3072 1050 3134 ab
1078 3073 1134 3134 bac
1161 3079 1246 3153 parte

129 3193 193 3235 curn
214 3182 336 3256 praeter
359 3175 533 3254 Allobroges
556 3177 688 3256 reliquae
711 3184 815 3255 gentes
830 3175 952 3256 Alpinae
974 3194 1012 3237 ne
1035 3161 1164 3238 tentatae
1180 3176 1245 3255 qui-

129 3275 191 3338 dem
215 3285 333 3348 essent,
362 3278 399 3338 de
428 3279 595 3339 accuratius
617 3279 785 3339 definiendo
816 3279 983 3357 provinciae
1012 3279 1164 3339 territorio
1186 3297 1246 3338 non

128 3381 220 3455 potuit
242 3381 301 3458 agi.
346 3382 369 3441 A
391 3379 495 3442 dextra
523 3379 631 3440 deinde
653 3379 788 3441 Rhodani
816 3382 945 3459 oppositi
972 3387 1057 3440 erant
1078 3379 1244 3458 Allobrogi·

19 3461 21 3474 ³
128 3477 182 3566 bus
203 3480 315 3553 Helvii,
344 3501 472 3561 quorum
495 3499 583 3560 agros
611 3482 647 3542 ab
671 3483 838 3560 Segusiavis
866 3480 1014 3542 dividebat
1037 3488 1168 3544 extrema
1191 3481 1245 3542 Ce-

130 3633 432 3643 ———..—....---—-...

193 3735 237 3800 23)
262 3735 344 3788 Caes.
363 3737 390 3786 b.
410 3752 436 3802 g.
461 3737 490 3800 i,
510 3739 539 3786 i:
558 3735 682 3798 (Caesar
699 3735 873 3801 Narbonem)
896 3753 950 3786 cnm
971 3739 1094 3800 uenisset,
1111 3731 1250 3801 praesidii

127 3819 153 3868 in
169 3820 276 3871 Rutenis
292 3821 503 3885 prouincialibus,
531 3821 618 3871 Volcis
635 3821 807 3885 Armenicis,
833 3822 992 3872 Tolosatibns
1014 3824 1155 3887 circumque
1177 3823 1246 3871 Nor-

128 3902 221 3970 icam,
242 3922 308 3970 quae
326 3908 382 3955 loco
399 3907 512 3956 hostibus
529 3914 604 3956 erant
619 3907 734 3970 finitima,
754 3907 891 3956 constitnit.
922 3909 944 3970 1,
964 3909 1010 3957 45:
1029 3901 1094 3956 betto
1110 3913 1246 3969 superatos

128 4003 181 4040 esee
199 3989 335 4040 Arvernos
352 3998 378 4040 et
395 3991 506 4040 Rutenos
524 4007 549 4041 a.
569 3989 599 4051 Q.
618 3991 698 4040 Fabio
717 3978 843 4054 Monimo,
862 3993 950 4056 quibus
966 3994 1075 4056 populns
1092 3991 1161 4042 Rom.
1175 3992 1246 4054 ipae·

128 4075 201 4124 visset
218 4091 300 4140 neque
318 4075 345 4124 in
360 4077 516 4138 prouinciam
532 4077 674 4140 redepisset
693 4091 772 4140 neque
789 4077 941 4139 stipendium
958 4078 1124 4139 imposuisset.
1161 4075 1246 4123 Prae-

128 4161 203 4210 terea
220 4160 325 4210 Ruteni
342 4159 415 4210 inter
432 4160 537 4210 Latina
554 4160 714 4224 provinciae
732 4161 921 4211 Narbonensis
943 4159 1046 4224 oppida
1067 4161 1248 4208 recensentur

129 4244 255 4295 ePlinio
272 4247 302 4308 3,
321 4245 346 4294 6.
367 4277 370 4286 ·

192 4329 238 4394 24)
258 4328 316 4380 Clr.
335 4343 378 4382 ex.
391 4345 431 4395 gr.
445 4329 646 4393 Ollovieonem,
665 4343 758 4394 regem
770 4329 963 4394 Nitiobrigum‚
983 4345 1000 4377 a
1013 4331 1112 4378 senatu
1128 4326 1245 4378 amicum

19 4405 21 4440 3
128 4413 223 4478 populi
240 4414 319 4466 Rom.
339 4415 521 4480 appellatum.
552 4414 632 4466 Caes.
650 4415 677 4465 b.
697 4431 723 4480 g.
742 4417 767 4480 7,
786 4417 829 4468 31.
