3154 5162
357 445 398 506 84
750 441 833 498 PARS
855 441 874 497 l.
919 441 1024 498 utrvr
1046 440 1076 498 ll.

356 610 444 669 mina.
491 608 582 669 Cuius
606 608 788 684 quaestionis
804 607 1031 668 tundamentum
1046 606 1166 668 exhibet
1183 601 1357 684 Velleius²³)
1375 604 1481 664 dicens

355 710 539 772 coloniarum
562 709 733 770 militarium
750 716 779 769 et
796 727 914 770 caussas
930 716 960 769 et
973 716 1111 770 auctores
1129 727 1164 770 ex
1186 711 1321 788 ipsarum
1344 705 1479 786 praeful·

354 829 427 890 gere
447 813 581 882 nomine,
606 818 710 890 atque,
732 810 769 870 ad
789 810 920 884 colonias
940 811 1020 888 quod
1042 812 1162 880 attinet,
1184 829 1241 890 pro
1257 810 1370 886 insigni
1388 806 1479 868 buius

349 913 426 974 ‘dicti
447 913 583 993 exemplo
605 913 763 974 babuimus
784 912 929 974 coloniam
950 913 1108 974 Classicam
1127 912 1347 974 Octauenorum
1364 910 1477 970 Forum

355 1014 431 1076 lulli.
465 1017 502 1077 At
518 1014 596 1092 quod
615 1014 651 1075 de
672 1014 797 1074 coloniis
816 1014 993 1075 militaribus
1008 1013 1080 1074 dicit
1094 1012 1239 1081 Velleius,
1262 1012 1299 1072 ad
1314 1013 1478 1090 municipia

354 1134 473 1194 quoque
489 1124 519 1178 et
541 1119 649 1178 civium
671 1116 872 1178 Romanorum
896 1122 926 1175 et
940 1116 1113 1176 Latinorum
1130 1117 1191 1176 sive
1206 1116 1236 1174 in
1260 1112 1342 1174 ltalia
1363 1115 1424 1173 sive
1447 1114 1477 1172 in

354 1220 514 1297 provinciis
536 1220 695 1279 constituta
719 1218 788 1279 licet
809 1217 959 1278 adhibere.
1004 1219 1115 1279 Auctor
1138 1223 1237 1277 autem
1261 1217 1322 1276 sire
1341 1214 1478 1274 coloniae

355 1322 416 1380 sive
439 1321 595 1398 municipii
617 1338 684 1380 cum
707 1318 820 1380 liberae
835 1318 1017 1398 reipublicae
1033 1318 1218 1398 temporibus
1239 1319 1338 1398 primo
1355 1315 1476 1395 quidem

354 1421 421 1482 loco
436 1419 565 1501 populus
582 1420 742 1490 llomanus,
759 1421 890 1482 secundo
906 1427 1005 1482 autem
1020 1422 1046 1481 is
1061 1422 1175 1489 luisset,
1200 1421 1252 1497 qui
1267 1421 1476 1487 constituerat,

354 1524 571 1602 imperatorum
593 1529 688 1582 aetate
708 1520 789 1582 solus
810 1524 950 1604 princeps
973 1530 1051 1593 erat,
1075 1522 1130 1583 sub
1153 1539 1211 1600 quo
1233 1520 1375 1598 quodque
1391 1522 1478 1599 oppi-

354 1624 424 1684 dum
440 1623 685 1692 constituebatur,
703 1640 800 1700 neque
816 1643 945 1704 unquam
960 1627 1138 1705 permissum
1157 1623 1273 1684 videtur
1292 1622 1345 1684 ulli
1362 1621 1480 1683 homini

353 1727 483 1804 privato,
512 1727 537 1785 si
560 1724 751 1786 deducendae
782 1724 914 1786 coloniae
941 1728 1112 1807 propositus
1135 1732 1212 1795 erat,
1241 1724 1390 1786 bonorem
1419 1724 1481 1784 sibi

353 1827 526 1888 mandatum
548 1829 669 1888 nomine
692 1827 794 1906 oppidi
814 1827 956 1889 indicare.
995 1829 1098 1905 Neque
1120 1846 1191 1888 vero
1214 1828 1309 1904 magis
1330 1828 1404 1906 ipsis
1419 1843 1477 1904 op·

352 1928 431 2008 pidis
452 1928 544 1997 licuit,
568 1929 677 2008 quibus
700 1931 801 1990 ornari
824 1929 961 1990 volebant
984 1929 1167 2000 nominibus,
1191 1948 1225 1989 ca
1247 1929 1374 2009 proprio
1396 1927 1480 1988 arbi-

352 2032 411 2091 trio
434 2047 601 2098 assumere;
632 2032 723 2090 immo
747 2037 847 2090 extant
870 2030 1019 2109 exempla,
1048 2031 1127 2091 unde
1156 2033 1306 2112 permissu
1337 2032 1400 2091 sive
1430 2048 1480 2090 se-

352 2139 441 2193 natus
463 2135 523 2193 sive
551 2134 740 2211 imperatoris
769 2133 915 2194 eiusmodi
941 2133 1060 2193 nomina
1088 2141 1239 2212 assumpta
1267 2150 1334 2192 esse
1364 2131 1482 2192 diserte

353 2230 549 2312 dicuntur.²⁴)
594 2233 728 2311 Denique
751 2252 812 2296 non
835 2234 942 2296 desunt
965 2233 1088 2314 oppida,
1119 2251 1195 2311 quae
1223 2235 1249 2294 si
1272 2232 1482 2313 complurium

352 2336 521 2414 principum
544 2333 695 2395 beneticiis
718 2335 900 2413 gaudebant,
929 2356 944 2396 a
972 2335 1109 2415 pluribus
1137 2335 1325 2416 principibus
1354 2337 1482 2396 nomina

353 2434 521 2496 habuerint.
531 2432 566 2514 25)
612 2436 766 2514 Cumque
793 2439 906 2498 ratione
935 2440 1065 2518 primum
1094 2438 1176 2499 vides
1204 2436 1337 2499 colonias
1364 2437 1435 2498 illas
1467 2458 1482 2498 a

353 2537 398 2596 Ti.
424 2536 545 2597 Claudio
573 2536 714 2598 deductas
743 2540 853 2617 optime
882 2542 1054 2608 convenire,
1085 2558 1153 2601 cum
1183 2538 1347 2600 habeamus
1375 2541 1407 2600 in
1432 2543 1480 2600 in·

353 2637 564 2716 scriptionibus
579 2637 710 2699 colonias
728 2639 831 2700 luliam
847 2640 1003 2701 Paternarn
1019 2641 1189 2702 Narbonem
1206 2641 1355 2711 Martium,
1372 2641 1480 2702 luliam

352 2739 509 2800 Paternam
530 2739 693 2809 Arelatem,
723 2740 811 2802 lulias
832 2742 1001 2811 baeterras,
1032 2742 1163 2805 Firmum
1189 2743 1295 2804 luliam
1323 2742 1480 2804 Secunda-

352 2858 459 2902 norum
478 2842 681 2911 Arausionem,
703 2842 812 2903 Forum
835 2842 899 2902 lulii
920 2841 1111 2922 Pacatum.²⁶)
1152 2844 1266 2905 Deinde
1283 2846 1309 2904 si
1325 2845 1478 2923 reliquum

352 2942 498 3006 Massiliae
519 2945 703 3006 territorium
719 2943 945 3024 perlustramus,
970 2948 1067 3022 Aquas
1084 2944 1200 3007 Sextias
1216 2944 1420 3008 Salluviorum
1437 2949 1478 3006 ri-

351 3044 456 3104 demus
472 3043 633 3123 appellatas
655 3063 722 3106 esse
744 3053 773 3106 et
793 3045 937 3106 coloniam
956 3045 1058 3107 luliam
1080 3053 1109 3106 et
1125 3046 1272 3108 coloniam
1290 3046 1400 3109 luliam
1419 3049 1476 3108 Au·

351 3142 527 3220 gustam²⁷);
556 3146 735 3208 Nemausum
758 3144 914 3207 Volcarum
935 3147 1177 3208 Arecomicorum
1201 3148 1353 3210 coloniam
1377 3151 1476 3226 Augu·

352 3252 426 3305 stam
435 3241 481 3321 ²3),
506 3252 608 3306 contra
629 3249 748 3316 Arenio,
772 3246 911 3317 Cabellio,
935 3247 1079 3327 Antipolis
1101 3251 1221 3310 nomina
1243 3269 1305 3348 npn
1323 3249 1474 3311 exhibent.

348 3346 432 3407 ¹luter
452 3364 527 3424 quae
547 3347 611 3407 loca
634 3346 722 3426 longe
744 3351 864 3410 maximi
886 3352 1028 3411 momenti
1051 3357 1115 3411 erat
1136 3351 1361 3422 Nemausus,
1385 3369 1475 3431 quern

351 3447 401 3524 qui
419 3448 617 3518 constituerit,
635 3450 772 3528 inprimis
786 3451 910 3511 interest
926 3453 1107 3528 cognovisse.
1148 3452 1190 3514 Dc
1213 3473 1273 3532 quo
1296 3457 1322 3538 si
1343 3453 1476 3534 lapidum

350 3547 439 3608 modo
460 3549 672 3628 inscriptorum
694 3553 839 3612 rationem
861 3550 1006 3621 haberes,
1030 3556 1080 3631 qui
1103 3562 1176 3633 quot
1199 3555 1340 3632 equidem
1362 3557 1473 3635 reperi,

419 3781 462 3846 23)
481 3783 553 3835 Vell.
571 3785 681 3835 Patere.
701 3789 730 3845 1,
751 3789 790 3835 14.

418 3867 464 3933 24)
481 3869 535 3919 Dio
554 3870 594 3928 bd,
613 3872 654 3920 23.
690 3869 758 3924 Tac.
777 3870 847 3922 Ann.
867 3872 910 3929 14,
928 3873 970 3921 27.

418 3953 461 4014 25)
479 3954 522 4002 De
541 3955 614 4004 omni
631 3955 684 4004 hac
703 3956 862 4019 quaestione
882 3956 932 4008 cfr.
950 3957 1099 4022 Borghesi,
1125 3959 1197 4009 sulla
1215 3961 1367 4012 iscrIzione
1384 3961 1476 4012 Peru·

350 4039 417 4104 gina
444 4037 519 4087 della
537 4042 616 4102 porta
633 4038 740 4088 Marcia
767 4040 795 4087 in
813 4038 943 4090 Arcbirio
962 4042 1064 4092 storico
1083 4042 1201 4093 italiano
1220 4045 1295 4095 XVI.
1315 4047 1379 4096 1850
1396 4046 1475 4109 pref.

348 4139 377 4187 p.
396 4121 671 4175 LXXXIX-CVIII.

416 4205 459 4268 26)
479 4203 536 4259 cfr.
554 4207 671 4272 append.
691 4206 777 4272 epigr.
797 4222 842 4257 nn.
862 4209 885 4256 1.
904 4209 946 4257 82.
967 4210 1023 4264 183.
1043 4212 1102 4264 338.

417 4287 461 4352 27)
478 4288 547 4355 App.
568 4291 654 4356 epigr.
673 4306 719 4342 nn.
738 4293 778 4341 28.
798 4291 856 4342 378.
874 4293 932 4341 356.

417 4370 459 4433 28)
479 4371 549 4437 App.
569 4375 655 4439 epigr.
673 4389 699 4425 n.
719 4376 767 4424 137
785 4389 858 4439 pass.
