3124 5168
270 406 272 410 ’
298 445 340 508 24
765 439 949 498 ncnsvsvs.

297 612 422 675 thermis
444 609 614 680 cohaerent,
638 611 674 671 ad
697 609 797 670 lucum
819 609 867 670 dei
881 609 1022 672 Nemansi
1037 612 1218 690 pertinuisse
1241 595 1271 670 et
1294 629 1330 670 eo
1352 612 1423 690 ipso

297 715 478 776 incoluisse
502 713 678 781 constituta,
703 729 762 791 quo
786 711 1004 791 aquaeductus,
1034 714 1123 774 euius
1150 731 1219 792 pars
1248 719 1312 772 erat
1341 711 1424 772 cele-

297 816 446 884 berrimus
466 814 516 894 ille
537 821 610 893 pont
628 815 670 875 du
687 814 781 883 θανά,
804 832 901 894 aquas·
918 832 987 875 suas
1009 813 1187 882 effundebat,
1212 822 1422 892 exposuerunt

296 935 394 998 nuper
410 916 680 986 Germer-lluraud,
697 914 797 976 Revue
813 914 1042 995 arche'ologique
1057 923 1078 976 t.
1092 915 1153 976 Vll.
1173 913 1275 995 (1850)
1295 935 1324 994 p·
1344 923 1420 986 195,

298 1026 328 1080 et
351 1021 382 1082 B.
407 1019 504 1088 Starlr,
529 1016 737 1080 Staedteleben
760 1023 815 1078 etc.
840 1020 871 1078 in
892 1016 1075 1079 Franlueicb
1095 1037 1124 1097 p.
1143 1023 1300 1086 97-100.
1348 1019 1424 1080 llo·

297 1139 376 1184 mus
399 1120 516 1191 deinde,
540 1137 615 1198 quae
638 1120 813 1198 Seguieri
836 1119 992 1182 clarissimi
1013 1121 1070 1180 viri
1093 1119 1174 1180 etde
1189 1108 1424 1200 ‘antiquitatibus

299 1225 413 1304 patriae
436 1240 507 1284 suae
531 1223 643 1302 optime
665 1223 765 1283 meriti
787 1221 857 1282 olim
879 1222 985 1291 iuerat,
1009 1220 1098 1281 bodie
1113 1237 1232 1300 quoque
1254 1240 1315 1283 nou
1330 1223 1422 1283 modo

298 1327 330 1385 in
352 1323 501 1384 horticulo
525 1317 681 1393 ediscenti,
704 1323 757 1385 sed
774 1323 861 1383 etiarn
878 1324 909 1384 in
923 1325 1019 1384 muris
1034 1320 1172 1384 vestibuli
1195 1330 1225 1384 et
1246 1323 1311 1384 aliis
1325 1325 1424 1402 ipsius

298 1426 406 1488 domus
428 1424 562 1506 partibus
584 1424 687 1506 plures
710 1441 822 1502 eosque
850 1426 1032 1503 insigniores
1055 1423 1156 1484 condit
1179 1424 1290 1486 titulos
1329 1427 1422 1487 Por-

190 1567 195 1578 ι
299 1534 371 1590 tam
394 1535 490 1616 autem
514 1529 674 1606 Augusti
697 1527 801 1601 (Porta
821 1525 1009 1603 d'Auquste),
1032 1543 1109 1606 quae
1130 1528 1161 1586 iu
1176 1525 1263 1588 libris
1277 1528 1423 1588 vetustio-

297 1628 382 1690 ribus
405 1637 493 1706 atque
518 1630 607 1690 etiam
630 1627 708 1708 apud
731 1627 877 1690 Millinum
899 1629 999 1690 vocari
1028 1628 1105 1689 solet
1125 1635 1216 1704 porte
1238 1629 1276 1689 de
1295 1633 1327 1690 la
1345 1646 1425 1690 cou-

298 1748 405 1800 ronne,
430 1749 518 1793 uuam
542 1749 577 1791 ex
599 1732 636 1791 iis
659 1732 753 1810 portis
775 1729 883 1799 luisse,
907 1748 982 1810 quas
996 1731 1146 1809 Augustus
1168 1751 1193 1792 a.
1211 1749 1240 1790 u.
1259 1749 1282 1790 e.
1302 1734 1423 1802 738l39

298 1832 550 1894 Nemausensibus
572 1831 666 1902 dedit,
698 1830 882 1893 demonstrat
904 1831 1010 1892 titulus
1031 1834 1063 1892 in
1086 1851 1120 1893 ea
1142 1833 1305 1912 inscriptus
1329 1831 1425 1912 (inira

278 1953 327 2020 ¹u.
353 1933 420 2015 95);
451 1942 540 2012 atque
568 1936 647 1994 circa
669 1932 746 1994 hanc
768 1951 888 2013 quoqne
906 1941 1028 2014 portam
1051 1933 1140 1994 hodie
1163 1930 1287 2011 magnus
1314 1936 1422 1996 iuscri-

297 2038 434 2117 ptionum
456 2054 601 2098 uumerus
625 2041 713 2095 extat.
760 2035 861 2114 Longe
889 2035 1037 2116 plurimae
1063 2053 1134 2098 vero
1157 2034 1318 2097 collocatae
1339 2056 1425 2098 nune

298 2139 420 2200 suntin
444 2156 570 2199 museo
595 2136 700 2199 urbis
724 2138 886 2199 constituto
908 2141 939 2198 in
962 2137 1159 2200 celeberrimo
1174 2137 1286 2217 templo
1308 2147 1422 2208 vetere,

252 2242 262 2256 '
299 2241 348 2302 cui
370 2258 480 2300 nomen
503 2245 549 2301 ast
571 2242 623 2300 ‘lo
646 2242 760 2300 maison
783 2238 924 2309 camec&
953 2239 996 2300 ibi
1020 2241 1099 2301 enim
1122 2246 1152 2300 et
1174 2241 1253 2301 circa
1274 2240 1424 2319 templum

299 2348 329 2401 et
357 2341 494 2420 inipso
510 2340 622 2420 templo
650 2348 788 2421 prostant
816 2341 929 2421 lapides
960 2344 1064 2402 aetatis
1092 2342 1243 2402 Romanae
1271 2361 1307 2402 ex
1340 2345 1424 2404 omni

299 2449 383 2522 parte
408 2442 490 2503 urbis
520 2444 654 2520 congesti
683 2449 713 2504 et
735 2443 851 2522 reliqua
873 2462 991 2523 qnoque
1013 2442 1064 2505 illa
1092 2441 1171 2512 loca,
1199 2461 1276 2523 quae
1304 2444 1423 2523 pridem

298 2562 354 2624 pro
377 2543 488 2604 museis
510 2544 647 2613 luerunt,
673 2562 751 2605 nuuc
774 2552 889 2624 partem
912 2552 1173 2606 monumentorum
1197 2563 1321 2606 suorum
1344 2564 1422 2606 novo

298 2644 369 2705 huic
391 2663 496 2706 museo
524 2644 680 2707 dederunt.
726 2647 866 2726 Exceptis
895 2647 985 2724 igitur
1013 2645 1190 2728 quibusdam
1219 2649 1424 2709 monumentis

300 2765 375 2826 quae
398 2745 500 2808 'adhuc
526 2748 557 2806 in
587 2749 680 2809 muris
710 2747 867 2809 domorum
897 2750 1079 2828 privatarum
1109 2748 1249 2819 haerent,
1280 2754 1424 2826 quattuor

299 2847 388 2909 hodie
410 2854 480 2910 sunt
501 2848 581 2918 loca,
613 2867 687 2928 quae
716 2851 766 2929 qui
793 2850 1003 2929 perquirendis
1031 2850 1275 2932 inscriptionibus
1299 2869 1424 2931 operam

299 2951 380 3021 dant,
405 2949 515 3012 debent
536 2949 735 3030 perlustrare:
765 2969 945 3022 museum,
969 2950 1135 3015 thermae
1158 2954 1218 3013 sive
1240 2951 1424 3032 templum

300 3053 453 3123 llianae,
477 3058 587 3132 porta
609 3054 783 3130 Augusti,
808 3053 936 3114 domus
959 3050 1247 3133 Seguieriana‚¹)

383 3177 426 3231 93.
450 3173 574 3239 Titulus,
595 3192 674 3249 quem
696 3173 824 3232 Me'nard
844 3182 962 3233 testatur
988 3183 1128 3251 repertum
1149 3193 1210 3232 esse
1233 3177 1306 3234 inter
1326 3176 1425 3235 iuuda-

300 3265 390 3317 menta
406 3257 532 3322 aedilicii,
557 3260 630 3333 quod
646 3261 727 3317 hodie
743 3269 785 3317 est
800 3261 934 3333 l’lrdps‘tal
946 3259 1083 3334 geberch
1103 3279 1175 3318 nnnc
1196 3269 1271 3318 extat
1291 3265 1318 3318 in
1338 3263 1424 3319 domo

300 3344 485 3417 Seguieriana.

353 3533 355 3546 μ
383 3459 421 3519 Μ.
444 3460 575 3539 Agrippa
597 3460 628 3520 L.
653 3461 672 3521 i.
698 3476 755 3520 cos.
781 3464 898 3522 tertium
917 3461 1001 3535 sectr.

384 3563 526 3638 ilescripsi.
567 3563 690 3629 lienard,
706 3565 775 3621 Hist.
792 3567 838 3622 des
855 3569 939 3642 antiq.
956 3568 989 3623 de
1003 3567 1108 3630 Nimes,
1125 3565 1190 3623 edit.
1207 3584 1298 3641 augm.
1314 3586 1340 3642 p.
1357 3572 1400 3624 71.

298 3679 533 3689 ——d

367 3728 387 3793 1)
407 3731 484 3780 Inter
502 3730 697 3796 inscriptiones
716 3731 919 3782 Nemausenses
939 3732 1055 3792 titulum,
1075 3747 1155 3796 quem
1174 3735 1202 3782 in
1221 3733 1351 3798 epistylio
1365 3749 1424 3784 mu-

299 3798 342 3849 sei
364 3796 477 3861 (matsoo
496 3799 604 3862 carnee)
626 3799 713 3850 variis
738 3801 826 3850 modis
849 3800 982 3851 volebant
1004 3801 1099 3866 legere
1123 3800 1188 3863 (cfr.
1212 3800 1318 3861 Mihin,
1340 3801 1424 3853 Atlas

297 3867 334 3932 pl.
354 3867 395 3928 73,
415 3865 452 3930 2),
472 3867 562 3916 omisi.
598 3866 688 3932 Saepe
708 3867 780 3918 enim
799 3873 914 3919 auctore
933 3868 1066 3935 Seguiero
1088 3869 1180 3919 conati
1198 3873 1275 3929 sunt,
1294 3885 1327 3918 ex
1346 3869 1424 3920 fora-

298 3935 427 3997 minibus,
447 3949 518 4000 quae
536 3933 653 3998 figendis
672 3934 759 3986 clavis
771 3936 924 3986 litterarum
938 3952 1086 3987 aerearum
1098 3936 1163 3987 olim
1175 3936 1317 3987 destinata
1329 3937 1424 3988 adbuc

299 4003 514 4068 conspiciuntur,
533 4002 608 4067 ipsas
626 4002 737 4053 litteras
755 4006 909 4063 restituere,
930 4020 1044 4070 eamque
1057 4005 1190 4055 rationem
1208 4004 1352 4071 intemplo
1372 4005 1424 4056 illo

298 4071 480 4121 Nemausensi
493 4070 608 4136 primum
628 4070 780 4121 adhibitam
795 4073 996 4123 transtulerunt
1011 4078 1039 4123 et
1057 4073 1091 4122 ad
1106 4072 1238 4137 templum
1253 4074 1424 4140 viennense,
1491 4094 1495 4099 ·

299 4139 371 4203 quod
392 4139 629 4208 vocantAngusti
652 4143 680 4188 et
702 4140 802 4191 Liviae
827 4139 1122 4204 (uberior-eochari,
1147 4141 1240 4206 Antiq.
1260 4141 1294 4191 de
1312 4141 1424 4193 Vienne

298 4222 324 4272 p.
344 4207 376 4257 91
395 4222 421 4256 n.
442 4205 466 4270 1)
487 4210 515 4256 et
534 4207 569 4256 ad
587 4217 789 4259 monumentum
808 4209 943 4274 quoddam
961 4208 1124 4260 Arelatense
1149 4207 1263 4272 (Mihin,
1284 4209 1350 4272 Voy.
1370 4210 1422 4260 III.

298 4289 325 4338 p.
343 4272 413 4336 620).
443 4275 479 4323 At
498 4274 553 4324 iam
565 4274 655 4324 Millin
672 4275 722 4326 hos
741 4281 857 4327 conatus
873 4277 975 4343 optime
994 4278 1128 4328 refutavit
1144 4281 1245 4327 notans
1263 4278 1337 4342 ipsos
1356 4277 1424 4328 illos

299 4341 472 4401 restitutores
495 4341 592 4391 iisdem
615 4341 717 4394 litteris
739 4345 768 4394 in
792 4343 887 4394 eodem
911 4345 991 4395 titulo
1015 4345 1126 4396 diversa
1148 4345 1256 4395 ratione
1281 4345 1423 4396 foramina

300 4407 452 4459 attribuere
470 4423 560 4473 neque
579 4411 687 4462 omnino
710 4411 763 4462 hac
782 4412 888 4463 ratione
908 4413 977 4463 certi
995 4413 1141 4484 quidquam
1158 4427 1240 4477 posse
1259 4412 1324 4467 erui.
