3154 5162
313 419 373 481 104
699 411 781 470 PARS
803 412 822 468 l.
866 411 971 468 CAPVT
994 412 1024 468 ll.

396 581 481 654 Quod
503 599 571 642 cum
593 598 696 640 mense
711 579 816 640 Martio
839 579 908 639 anni
926 584 965 646 43
986 587 1065 640 esset
1086 581 1211 648 lactum,
1235 579 1430 640 mansellaria

311 685 430 763 inipso
452 683 622 763 provinciae
646 681 709 742 solo
732 681 770 741 de
793 683 924 742 universi
946 682 1065 760 imperii
1087 681 1206 742 fortuna
1222 688 1362 760 coeptum
1387 687 1432 740 est

313 789 368 864 agi.
384 783 419 865 82)
463 785 593 862 Fugerat
614 785 758 846 Antonius
780 792 848 864 post
870 782 984 844 cladem
999 783 1198 845 Mutinensem
1214 782 1303 862 Alpes
1325 801 1431 843 versus

311 889 475 970 praemisso
498 887 590 948 tratre
612 887 704 948 Lucio
726 887 838 946 Forum
859 884 926 946 lulli
954 886 1117 962 idibusque
1139 885 1225 946 Maiis
1251 885 1318 964 ipse
1340 883 1372 942 in
1396 902 1430 944 ea

313 990 388 1052 urbe
411 990 528 1050 advenit
551 1007 690 1068 sperans,
720 1006 752 1047 se
774 986 935 1066 Lepidum,
965 989 1016 1065 qni
1043 987 1176 1048 nondum
1204 994 1301 1047 certas
1328 993 1431 1064 partes

313 1091 508 1171 sequebatur,
540 1090 597 1151 sibi
624 1089 861 1152 conciliaturum.
907 1090 943 1150 At
970 1091 1029 1150 iam
1057 1107 1160 1150 mense
1186 1088 1280 1168 Aprili
1303 1087 1432 1148 Plancus

314 1209 446 1271 quoque,
470 1194 570 1252 iussus
593 1211 609 1252 a
632 1197 737 1252 senatu
759 1193 791 1252 in
813 1190 956 1252 auxilium
978 1191 1012 1252 D.
1038 1192 1122 1252 Bruti
1146 1198 1248 1252 contra
1269 1190 1431 1250 Antonium

313 1298 344 1355 in
367 1294 479 1354 ltaliam
503 1295 620 1364 venire,
649 1312 744 1372 prope
767 1293 910 1354 Viennam
932 1291 1109 1354 Rhodanum
1136 1300 1340 1370 transgressus
1368 1298 1433 1352 erat

315 1403 358 1464 et,
383 1394 434 1458 ubi
463 1394 573 1456 audivit
595 1395 632 1455 de
655 1396 748 1456 Bruto
769 1395 941 1472 Mutiaaque
964 1393 1119 1456 obsidione
1148 1392 1274 1456 liberata
1300 1395 1334 1454 in
1351 1392 1430 1454 Allo-

315 1498 443 1575 brogum
465 1497 574 1558 finibus
597 1498 785 1564 constiterat,
809 1498 950 1556 continno
979 1504 1008 1556 et
1031 1514 1099 1559 cum
1121 1497 1280 1564 Cicerone,
1310 1497 1361 1573 qui
1384 1513 1431 1555 se·

314 1606 402 1660 natus
423 1607 524 1678 partes
547 1597 704 1667 tuebatur,
728 1605 756 1657 et
785 1617 852 1658 cum
876 1597 988 1677 Lepido
1018 1616 1117 1676 agens.
1161 1597 1292 1676 Lepidus
1320 1603 1432 1665 autern,

316 1702 367 1778 qui
390 1707 486 1760 castra
509 1698 655 1760 babuerat
678 1701 756 1760 circa
771 1701 967 1768 Avenionem,
993 1701 1126 1761 incertus
1149 1701 1237 1760 etiam
1261 1706 1334 1767 tum,
1358 1716 1433 1775 quas

315 1808 416 1882 partes
440 1809 518 1862 esset
540 1808 710 1870 secuturus,
736 1808 765 1861 et
788 1821 876 1862 strum
899 1803 1064 1862 exercitum
1087 1808 1191 1862 contra
1211 1802 1372 1862 Antonium
1395 1799 1433 1860 ad

315 1904 427 1965 Forum
450 1904 573 1963 Voconii
595 1903 777 1980 fluviumque
799 1905 981 1980 Argenteum
1003 1902 1158 1982 produxit,
1184 1909 1213 1963 et
1235 1901 1378 1964 Plancum
1401 1909 1435 1962 nt

316 2005 422 2065 eodem
444 2006 559 2066 veniret
581 2006 740 2083 copiasque
763 2005 819 2066 sibi
849 2007 1045 2083 coniungeret
1065 2007 1187 2082 rogavit.
1233 2005 1269 2066 At
1291 2003 1363 2064 dum
1385 2003 1435 2064 bic

315 2107 426 2168 lsaram
450 2125 518 2167 cum
541 2108 674 2167 exercitu
699 2108 796 2167 traicit
818 2113 847 2166 et
869 2108 978 2168 iunctis
1000 2125 1068 2168 cunr
1083 2105 1196 2185 Lepido
1212 2107 1307 2184 copiis
1321 2103 1434 2166 bellum

316 2208 523 2268 administrare
549 2214 649 2286 parat,
673 2209 818 2269 Antonius
842 2210 904 2270 suis
926 2226 1046 2287 qnoque
1069 2209 1174 2268 castris
1195 2207 1231 2267 ad
1251 2209 1434 2285 Argenteum

316 2312 462 2389 promotis
483 2308 629 2389 Lepidum
652 2316 685 2371 ut
707 2327 809 2369 secum
832 2317 935 2371 contra
959 2317 1093 2372 senatum
1117 2317 1209 2371 staret
1235 2309 1350 2388 adegit,
1375 2326 1434 2385 quo

315 2412 452 2490 perlecto
474 2413 573 2472 statim
595 2409 695 2471 hostili
716 2413 829 2490 impetu
853 2418 957 2474 contra
980 2412 1120 2474 Plancum
1150 2413 1306 2491 processit.
1351 2409 1435 2482 Quae

317 2532 385 2574 cum
407 2514 448 2574 ita
471 2521 588 2582 essent,
613 2509 661 2572 hic
683 2530 840 2590 regressus
862 2513 898 2573 ad
913 2513 1088 2592 Allobroges
1108 2513 1246 2574 adiuncto
1270 2511 1328 2572 sibi
1349 2513 1435 2572 initio

317 2616 430 2676 mensis
452 2615 530 2675 lunii
553 2615 584 2675 D.
610 2614 717 2679 Bruto,
741 2617 791 2691 qui
815 2633 850 2674 ex
872 2616 955 2676 ltalia
978 2634 1046 2676 curn
1069 2617 1203 2676 exercitu
1226 2622 1356 2683 venerat,
1380 2633 1436 2693 per

317 2715 437 2794 aliquod
459 2722 578 2795 tempus
601 2733 668 2775 cum
692 2717 928 2792 quattuordecim
951 2717 1119 2796 legionibus
1134 2723 1164 2776 et
1178 2717 1329 2794 frequenti
1350 2718 1436 2793 equi·

318 2823 380 2878 tatu
409 2817 520 2878 Gallico
548 2817 659 2878 Isaram
689 2817 725 2878 ab
753 2819 880 2879 Antonio
910 2826 940 2879 et
966 2819 1078 2898 Lepido
1106 2817 1251 2888 defendit,
1281 2825 1437 2896 postremo

317 2926 416 2980 autem
439 2919 603 3000 desperans
626 2919 663 2980 de
686 2927 806 2980 senatus
828 2919 965 2999 partibus
988 2928 1017 2980 et
1044 2922 1109 3000 ipse
1138 2938 1242 2982 mense
1265 2918 1438 3000 Septembri

318 3187 425 3238 quoque
442 3172 471 3220 in
491 3171 631 3223 condendo
643 3171 796 3238 Luguduno
814 3187 981 3238 occupasse,
1001 3178 1030 3223 ut
1048 3173 1127 3224 ambo
1147 3175 1340 3224 averterentur
1358 3189 1376 3223 a
1395 3188 1437 3223 re·

317 3256 369 3307 bus
387 3256 508 3318 Italicis,
528 3258 670 3306 Drnmann
693 3257 802 3322 quidem
826 3255 874 3322 (1,
894 3260 935 3308 17.
954 3259 1019 3322 350)
1038 3258 1206 3308 reiciendum
1229 3257 1257 3306 id
1279 3260 1362 3323 putat
1385 3273 1436 3307 ne-

319 3356 371 3405 que
389 3339 496 3404 Lepido
515 3339 662 3406 quidquam
680 3342 709 3391 in
729 3357 762 3392 ea
780 3357 809 3391 re
822 3343 1010 3406 tribuendum,
1028 3347 1086 3393 tam
1104 3343 1170 3406 quia
1182 3346 1260 3392 extra
1272 3343 1438 3406 provinciae

319 3425 402 3476 Narb.
422 3423 490 3474 fines
508 3424 688 3490 Lugudunum
707 3427 789 3476 situm
807 3427 844 3476 sit
862 3443 943 3492 quam
968 3429 1032 3494 quia
1052 3429 1079 3477 in
1097 3428 1277 3492 inscriptione
1296 3425 1438 3476 Caietano
1523 3439 1535 3456 ·

320 3508 420 3572 (Orelli
438 3507 498 3573 590)
518 3510 592 3560 solus
604 3511 724 3561 Plancus
744 3517 841 3562 auctor
860 3511 986 3562 coloniae
1004 3512 1125 3574 dicatum
1146 3517 1175 3561 at
1193 3512 1307 3577 primum
1328 3526 1388 3559 cum
1407 3515 1438 3560 et

320 3593 353 3642 de
372 3592 540 3643 deducendis
553 3594 747 3660 Allobrogibus
767 3601 896 3662 ageretur
915 3597 993 3646 etde
1012 3596 1112 3647 finibus
1130 3597 1203 3645 inter
1214 3595 1363 3660 Luguduni
1380 3598 1437 3644 ter·

319 3677 443 3727 ritorium
466 3681 495 3726 et
516 3678 685 3744 provinciam
703 3680 787 3731 Narb.
812 3680 987 3743 deliniendis,
1012 3697 1089 3731 suam
1112 3685 1228 3746 uterque
1252 3694 1366 3744 praeses
1388 3694 1437 3729 ne·

319 3761 389 3826 getii
406 3766 512 3827 partem
535 3763 646 3825 habuit;
675 3763 773 3815 deinde
797 3766 825 3814 in
848 3765 926 3816 titulo
950 3765 997 3817 illo
1019 3767 1048 3816 in
1070 3765 1170 3816 Planci
1193 3765 1324 3815 honorem
1345 3764 1437 3829 posito

319 3847 391 3896 hunc
410 3847 496 3898 solum
515 3847 661 3914 Luguduni
680 3853 821 3899 auctorem
841 3850 990 3916 appellari,
1009 3851 1093 3900 facile
1113 3850 1276 3916 explicatur.
1307 3847 1440 3914 Singula-

319 3947 376 3982 rem
395 3931 429 3981 de
448 3931 559 3983 condito
575 3934 729 3999 Luguduno
753 3934 923 3999 opinionem,
948 3949 1003 4000 qua
1025 3935 1096 3985 hanc
1120 3933 1256 3985 coloniam
1274 3934 1390 3999 primum
1410 3950 1438 3984 a.

318 4018 352 4065 44
375 4031 391 4064 a
414 4016 450 4068 Μ,
469 4015 586 4067 Antonio
610 4018 787 4067 constitutam
810 4023 901 4083 putat,
926 4018 1023 4069 deinde
1048 4023 1157 4069 auctam
1181 4035 1197 4068 a
1220 4017 1324 4068 Planco
1348 4033 1376 4070 a.
1393 4019 1439 4082 43,

319 4101 445 4151 defendit
463 4101 604 4163 Boissieu,
623 4103 709 4155 Inser.
728 4101 762 4152 de
780 4102 859 4168 Lyon
877 4119 904 4168 p.
924 4105 1071 4167 lat-132,
1094 4118 1184 4167 neque
1207 4117 1272 4154 vero
1290 4099 1441 4154 sufficiunt

320 4200 391 4248 qnae
411 4184 493 4236 affert
512 4191 681 4252 argumenta.

387 4268 431 4333 82)
450 4271 492 4319 De
510 4269 553 4320 his
572 4286 642 4336 qnae
660 4275 824 4336 sequuntur,
844 4274 894 4324 cfr.
913 4272 971 4324 Cic.
991 4272 1027 4323 ad
1045 4271 1131 4323 famil.
1151 4273 1196 4335 10,
1215 4273 1231 4322 9
1249 4285 1327 4336 seqq.
1365 4276 1443 4324 Dru·

320 4367 403 4410 mann
422 4354 446 4418 1,
466 4355 573 4406 16-18.
593 4357 642 4406 347
660 4370 720 4421 sqq.
