3154 5162
599 445 681 503 PARS
703 448 721 504 l.
767 447 872 504 CAPVT
895 449 932 516 ΙΙ.1
1280 457 1320 517 93

197 631 304 674 omnes
340 598 404 674 erat
431 612 546 673 Tolosa.
599 613 758 675 Praeterea
792 621 957 676 memoratu
990 614 1078 693 digna
1107 623 1151 677 est
1178 615 1318 690 Ruscino,

196 715 277 793 quod
310 716 374 774 eius
403 721 505 775 extant
536 718 652 776 nummi
682 717 781 785 aenei,
809 718 842 776 iu
871 733 999 794 quorum
1027 736 1086 778 una
1114 725 1200 799 parte
1229 719 1318 798 legis:

197 829 277 875 mar·
309 829 445 878 cassas
472 829 668 896 aversare,
703 821 734 878 in
762 817 854 878 altera
885 830 967 878 cou-
989 833 1086 880 avsc.
1117 833 1196 882 nne.
1220 836 1266 884 vr.
1281 819 1317 900 ⁵¹)

195 917 301 994 Neque
327 924 425 978 tamen
448 918 484 979 ad
513 903 646 980 nostram
674 921 878 996 quaestionem
908 922 976 980 novi
1004 920 1164 999 quidquam
1193 924 1320 984 afferunt

194 1019 229 1078 hi
251 1021 381 1088 nummi;
416 1039 484 1081 cum
508 1023 586 1081 enim
609 1022 722 1098 nummi
746 1020 856 1082 Galliae
879 1021 1082 1084 Narbonensis
1105 1023 1155 1084 alii
1181 1044 1242 1086 non
1266 1045 1316 1088 ex·

192 1128 261 1180 tent
282 1123 341 1181 nisi
364 1129 432 1182 aute
456 1141 564 1183 annum
588 1142 613 1182 a.
639 1122 690 1184 Ch.
716 1129 755 1190 23
779 1119 945 1202 signatiffl),
970 1127 1163 1205 consequitur
1186 1127 1315 1204 quidem,

194 1221 316 1287 Latium
330 1223 533 1285 Ruscinonem
556 1223 696 1286 habuisse
719 1232 787 1286 ante
809 1224 890 1286 hunc
912 1245 1037 1296 annum;
1063 1228 1142 1304 quod
1164 1247 1234 1289 vero
1256 1231 1315 1290 Au·

191 1327 276 1402 gusti
303 1327 424 1386 nomine
452 1328 584 1404 insignes
612 1335 695 1396 suut,
727 1327 802 1388 ultra
831 1346 942 1390 annum
972 1348 998 1389 a.
1029 1328 1081 1390 Ch.
1110 1335 1151 1396 27
1179 1349 1240 1391 non
1268 1350 1315 1391 re·

192 1426 316 1488 cedunt.
515 1429 516 1432 ’

282 1529 458 1601 Quomodo
485 1538 643 1610 postquam
672 1550 708 1592 ex
731 1530 819 1593 Plinii
847 1531 1061 1612 descriptione,
1092 1550 1167 1611 quae
1196 1553 1316 1616 semper

191 1649 254 1709 pro
276 1630 469 1692 fundamento
492 1631 578 1693 nobis
602 1651 666 1692 esse
682 1632 784 1704 debet,
810 1633 1012 1704 exhibuimus,
1038 1635 1180 1716 quidquid
1197 1637 1316 1699 Caesari

190 1733 334 1793 dictatori
359 1731 552 1794 tribuendum
580 1753 752 1805 censemus,
782 1735 850 1813 quid
876 1736 1020 1814 estquod
1042 1739 1152 1798 restat?
1192 1738 1315 1802 Restant

188 1835 427 1922 primuminter
449 1833 622 1898 Latinorum
645 1837 824 1916 oppidorum
846 1840 966 1898 nomina
987 1839 1152 1916 Augusta
1176 1840 1313 1902 Trica·

190 1939 380 1998 stinorum
404 1945 432 1997 et
447 1937 569 2000 Lucus
584 1940 752 2016 Augusti.
788 1939 859 2000 Cum
877 1940 985 2016 quihus
1001 1941 1026 1998 si
1040 1941 1134 2000 Deam
1150 1942 1314 2015 Angustam

198 2039 406 2099 Vocontiorum
429 2042 548 2102 confers
572 2058 735 2118 eorumque
757 2040 890 2102 locorum
920 2043 1008 2100 situm
1037 2041 1228 2115 consideras,¹
1253 2063 1312 2104 non

189 2139 311 2218 singula
335 2147 448 2204 tantum
472 2142 580 2221 oppida
602 2144 638 2204 ab
655 2144 787 2221 Augusto
811 2143 969 2202 constituta
993 2161 1027 2203 ea
1050 2161 1117 2203 esse
1139 2143 1235 2215 vides,
1261 2144 1312 2205 sed

188 2259 290 2320 genus
313 2242 505 2322 oppidorum,
529 2246 615 2306 cuius
638 2263 826 2305 communem
843 2244 1047 2306 condicionem
1068 2246 1219 2306 itineraria
1241 2265 1311 2324 pro·

187 2345 266 2405 hant
293 2364 358 2406 eam
386 2347 492 2415 luisse,
523 2353 555 2406 ut
583 2349 726 2408 stationes
754 2349 912 2408 continuae
941 2353 1041 2407 essent
1074 2348 1137 2408 viae
1164 2347 1311 2426 publicae,

188 2465 270 2526 quae
293 2467 309 2507 a
331 2448 503 2509 'Parascone
525 2467 582 2527 per
604 2449 787 2510 Tricastinos
816 2455 845 2508 et
868 2450 1027 2508 Vocontios
1049 2450 1210 2526 Augustam
1233 2451 1310 2511 'lau-

187 2550 328 2610 rinorum
350 2549 466 2610 terebat
487 2567 543 2628 per
564 2549 654 2628 Alpes
675 2545 839 2628 Cottius.⁵³)
884 2551 944 2634 lam
966 2550 1082 2620 videas,
1112 2569 1187 2628 (puae
1207 2571 1311 2614 caussa

187 2652 284 2712 luerit
306 2650 465 2711 mutandae
481 2651 693 2712 Vocontiorum
717 2652 899 2712 condicionis
922 2671 938 2711 a
960 2650 1033 2711 lulio
1050 2652 1176 2713 Caesare
1193 2655 1310 2714 institu-

188 2760 250 2812 tae.
296 2737 368 2813 Gum
393 2754 471 2812 enim
495 2751 658 2813 seeundum
681 2752 802 2814 ssnvium
819 2754 949 2814 Drunanr
974 2750 1102 2833 (Brome)
1126 2773 1181 2833 per
1195 2754 1310 2816 medios

189 2855 353 2915 Vocontios
376 2856 526 2930 Augustus
549 2855 623 2916 viam
647 2853 794 2933 publicam
825 2855 961 2925 duceret,
986 2856 1127 2916 stationes
1149 2858 1309 2932 Augustam

188 2956 427 3016 Tricastinorum
452 2962 481 3016 et
495 2954 609 3017 Lucum
624 2957 748 3033 Augusti
764 2955 941 3034 oppidorum
956 2955 1128 3016 Latinorum
1150 2958 1216 3016 iure
1239 2977 1309 3019 con·

188 3059 301 3126 stituit,
325 3057 368 3117 illi
391 3058 590 3127 Tricastinos
615 3056 685 3119 huic
708 3059 865 3118 Vocontios
888 3055 1135 3135 septentrionales
1159 3064 1188 3117 et
1209 3059 1308 3118 orien-

188 3156 268 3218 tales
295 3157 502 3228 contribuem,
532 3168 635 3221 contra
663 3159 741 3220 Deae
770 3161 934 3236 Augustae,
971 3178 1038 3220 cum
1066 3178 1082 3218 a
1109 3158 1203 3220 Plinio
1231 3161 1309 3220 inter

187 3260 331 3338 ignobilia
348 3261 560 3322 Vocontiorum
583 3261 690 3341 oppida
705 3260 871 3340 relegetur,
895 3267 958 3321 turn
979 3261 1098 3337 quidem
1117 3263 1164 3321 ius
1185 3262 1310 3322 civitatis

188 3361 326 3422 nondum
347 3362 465 3423 videtur
488 3365 681 3424 concessisse.
729 3364 929 3434 Quaestione
952 3382 1019 3423 cum
1036 3365 1137 3433 Vasio,
1163 3380 1238 3441 quae
1260 3382 1308 3424 re·

188 3471 272 3526 mota
295 3471 358 3526 erat
380 3465 417 3525 ab
439 3463 488 3525 illa
512 3467 571 3534 via,
595 3467 751 3526 imminuta
774 3472 866 3535 esset,
890 3466 955 3525 fieri
976 3466 1086 3544 potuit,
1111 3470 1144 3526 ut
1158 3468 1309 3544 Augustus

189 3565 249 3626 alia
272 3565 416 3643 quaedam
446 3566 601 3627 commoda
629 3569 656 3626 ei
679 3566 870 3636 concederet,
901 3567 981 3628 unde
1009 3585 1119 3628 nomen
1148 3569 1309 3646 assumpsit

188 3667 325 3728 coloniae
353 3665 445 3728 Iuliae
473 3669 634 3744 Augustae.
686 3670 781 3745 Atque
809 3667 897 3730 simili
924 3669 1012 3728 modo
1042 3677 1071 3729 et
1100 3687 1135 3728 ex
1158 3668 1252 3729 Plinio
1281 3677 1310 3729 et

189 3789 228 3830 ex
244 3769 405 3830 itinerariis
421 3769 578 3831 desumere
593 3788 767 3850 possumus,
789 3788 864 3848 quae
879 3772 910 3830 in
924 3768 1133 3849 Allobrogibus
1141 3772 1310 3848 ¹instituerit

259 4056 304 4121 51)
323 4058 366 4108 De
385 4057 413 4106 la
433 4057 584 4122 Saussaye,
604 4059 735 4108 Numism.
755 4074 781 4122 p.
801 4059 937 4110 193—97.
974 4058 1147 4122 Quemquam
1165 4057 1242 4120 origo
1260 4056 1308 4105 ho·

186 4159 250 4193 rum
269 4158 450 4200 nummorum,
470 4143 517 4207 qui
536 4143 679 4192 admodum
698 4144 755 4192 rari
773 4147 850 4202 sunt,
869 4145 958 4191 minus
978 4146 1055 4190 certa
1075 4145 1128 4201 est,
1148 4145 1240 4188 tamen
1259 4141 1309 4190 alii

185 4227 290 4293 oppido
310 4243 393 4291 quam
411 4228 562 4279 Ruscinoni
580 4243 634 4277 non
652 4231 766 4293 possunt
782 4227 874 4276 tribui.

258 4310 306 4374 52)
325 4311 382 4365 cfr.
401 4311 564 4374 Mommsen,
584 4313 677 4362 Roem.
696 4312 871 4361 Miinzwesen
889 4327 915 4376 p.
935 4311 992 4362 677.

256 4396 303 4460 53)
321 4397 387 4449 Itan.
404 4412 431 4461 p.
449 4398 498 4447 553
516 4411 556 4462 sq.
