3148 5160
314 419 377 480 244
694 415 776 472 PARS
798 415 828 472 ll.
872 415 977 472 ctrvr
999 416 1040 472 lll.

267 567 277 582 ³
313 583 383 643 dum
405 581 452 642 vel
475 581 714 661 redemptoribus
736 581 897 650 collocare,
926 580 971 640 vel
994 581 1219 660 possessoribus
1240 581 1434 642 distribuere.

313 684 474 746 Personale
497 683 604 744 deinde
628 702 737 743 munus
760 691 825 744 erat
847 701 967 750 eorum,
992 683 1101 760 quibus
1123 701 1182 742 non
1212 685 1269 743 nisi
1297 683 1433 744 custodia

313 787 507 848 mandabatur
530 787 631 864 operis
653 785 774 864 publico
797 792 922 864 sumptu·
939 784 1080 856 faciendi,
1110 784 1200 861 idque
1229 785 1253 844 si
1282 785 1356 844 iuris
1379 803 1433 845 au·

312 898 410 950 stores
433 889 582 966 sequeris,
612 889 797 968 frequentior
823 886 938 947 videtur
964 888 1056 946 luisse
1080 905 1165 955 usus;
1190 886 1432 947 distributionem

312 998 410 1052 autem
427 993 491 1052 eius
506 991 639 1050 muneris
655 1008 690 1048 ex
704 988 808 1049 iisdem
822 988 993 1050 auctoribus
1008 995 1131 1068 apparet
1142 1007 1197 1067 per
1212 1007 1362 1048 summum
1379 1007 1431 1048 cu-

311 1102 442 1154 ratorem
465 1111 524 1152 non
547 1090 670 1170 singulis
693 1109 759 1150 esse
774 1092 894 1159 lactum,
918 1089 969 1150 sed
986 1091 1164 1169 municipiis
1188 1107 1262 1167 quae
1279 1091 1325 1150 sui
1342 1092 1430 1150 terri·

313 1197 380 1254 torii
411 1202 525 1273 partem
553 1192 678 1271 singulis
705 1191 930 1271 possessoribus
958 1190 1228 1272 distribuerent¹⁹),
1259 1202 1288 1251 et
1315 1211 1350 1251 ex
1375 1191 1431 1252 bae

311 1298 410 1376 operis
425 1295 631 1356 distributione
647 1293 763 1354 videtur
779 1289 999 1372 explicandum,
1025 1293 1104 1371 quod
1120 1293 1248 1372 lapidum
1268 1311 1431 1354 numerau-

310 1397 417 1458 dorum
433 1399 508 1458 ratio
530 1415 585 1476 per
607 1395 740 1473 singulos
760 1403 872 1455 tractus
887 1414 992 1474 parum
1011 1395 1067 1456 sibi
1082 1403 1206 1456 constat.
1245 1393 1430 1456 Procedebat

311 1517 505 1560 numerorum
529 1498 603 1559 ordo
630 1500 660 1557 in
685 1499 727 1557 via
753 1497 870 1558 Aurelia
894 1517 910 1558 a
933 1498 1011 1558 Foro
1035 1497 1100 1558 lulii
1122 1497 1157 1556 ad
1180 1498 1279 1573 Aquas
1302 1497 1429 1567 Sextias,

309 1600 363 1662 sed
385 1601 463 1660 inter
484 1599 630 1661 Arelatem
655 1606 684 1660 et
706 1601 804 1675 Aquas
826 1598 862 1659 ab
885 1598 1010 1659 Arelate.
1057 1598 1088 1658 ln
1112 1600 1156 1658 via
1179 1599 1304 1660 llomitia
1328 1605 1430 1658 autem

310 1703 443 1762 videmus
478 1701 533 1762 sub
563 1702 684 1762 'liberio
715 1699 835 1778 quidem
869 1703 1020 1761 numerari
1050 1719 1065 1762 a
1099 1699 1238 1761 Narbone
1270 1708 1430 1778 utramque

308 1823 413 1864 versus
434 1810 566 1882 partem,
590 1811 693 1864 contra
717 1801 772 1862 sub
788 1803 937 1862 Antonino
959 1801 1014 1862 Pio
1035 1804 1113 1862 inter
1129 1801 1297 1864 Narbonem
1324 1809 1353 1862 et
1368 1802 1429 1862 Ne·

298 1922 442 1966 mausum
466 1923 481 1964 a
504 1901 708 1983 Nemauso.²⁰)
740 1904 873 1984 lienique
897 1904 1061 1964 seeundum
1077 1903 1251 1964 Rhodanum
1274 1923 1290 1964 a
1314 1905 1429 1964 Vienna

309 2009 426 2068 numeri
449 2007 652 2086 procedebant
680 2023 774 2083 aeque
797 2004 996 2083 Lugudunum
1024 2023 1058 2065 ao
1081 2005 1242 2066 Valentiam
1267 2023 1429 2074 versus,a

308 2109 439 2170 Valentia
463 2127 533 2168 vero
561 2127 655 2169 novus
684 2107 757 2170 ordo
785 2107 889 2186 incipit
912 2107 1111 2167 Tarasconem
1139 2125 1253 2168 versus.
1281 2142 1315 2150 -
1343 2107 1428 2179 Quae

307 2212 405 2271 omnia
428 2229 496 2270 eum
519 2210 554 2270 ad
578 2213 673 2289 ipsam
696 2210 773 2269 viam
795 2209 996 2286 pertinerent,
1020 2211 1189 2270 mansiones
1212 2211 1325 2286 utiquc,
1348 2227 1429 2286 quae

307 2311 470 2372 seeundum
495 2314 555 2372 vias
577 2311 711 2391 publicas
739 2319 824 2370 erant
852 2313 1046 2379 constitutae,
1076 2329 1143 2370 crim
1172 2313 1252 2370 omni
1281 2319 1427 2390 apparatu

268 2427 273 2440 ·
307 2413 442 2474 solebant
465 2421 585 2493 sumptu
607 2412 728 2492 publico
751 2411 831 2482 lieri,
856 2430 911 2472 nee
933 2414 991 2472 nisi
1014 2412 1145 2472 custodia
1169 2412 1295 2472 faciendi
1324 2413 1428 2491 operis

306 2514 537 2594 provincialibus
560 2517 691 2576 muneris
713 2516 807 2574 instar
828 2521 946 2593 poterat
967 2515 1091 2592 iniungi.
1106 2512 1141 2592 ²¹)

390 2616 514 2693 Reliqua
539 2635 662 2696 operum
686 2615 874 2696 publicorum
890 2633 961 2675 eura
979 2634 1062 2684 oum,
1087 2632 1282 2693 quaeeunque
1303 2617 1334 2676 in
1357 2635 1426 2676 mtr-

305 2719 485 2796 nicipiorum
509 2737 595 2778 usum
625 2717 748 2786 fiebant,
780 2717 816 2778 ab
847 2717 894 2778 bis
922 2717 1046 2777 deberet
1073 2719 1186 2784 curari,
1214 2718 1329 2778 minimi
1359 2729 1427 2778 erat

304 2821 448 2879 momenti
476 2836 573 2897 neque
601 2817 875 2898 comprehendebat
902 2821 958 2879 nisi
988 2838 1022 2879 ea
1053 2819 1200 2888 aedificia,
1231 2835 1307 2896 quae
1329 2821 1425 2896 magi-

305 2930 450 2984 stratuum
479 2921 666 3002 publicorum
702 2921 769 2980 usui
803 2920 1013 2980 inserviebant.
1069 2920 1290 2981 Eutruebantur
1322 2927 1447 2981 autem'

304 3022 376 3084 baec
399 3040 518 3101 quoque
541 3043 576 3084 ex
600 3022 760 3083 ordinariis
774 3023 944 3101 provinciae
959 3021 1121 3092 reditibus,
1146 3020 1197 3082 sed
1222 3023 1276 3092 ita,
1302 3031 1332 3083 ut
1348 3042 1426 3083 cura

371 3311 413 3372 19)
423 3311 473 3378 „De
492 3311 633 3376 personali
650 3325 762 3360 munere
782 3313 867 3374 agunt
888 3309 917 3358 hi
934 3309 1003 3360 loci:
1027 3309 1044 3360 l.
1065 3312 1078 3358 1
1103 3311 1127 3371 ξ.
1144 3311 1161 3360 2
1179 3310 1243 3375 Dig.
1263 3310 1297 3360 de
1315 3325 1424 3363 muner.

304 3400 331 3444 et
349 3395 443 3446 honor.
462 3393 515 3458 (50,
534 3395 575 3459 4):
594 3397 742 3459 personalia
753 3396 836 3444 ciuilio
847 3401 906 3445 aiant
916 3411 1019 3444 munero
1038 3395 1154 3458 defensio
1172 3397 1282 3445 dedatis
1294 3421 1324 3430 —-
1337 3397 1425 3458 publi-

302 3497 347 3530 cae
365 3482 420 3530 uiue
432 3481 579 3530 munitiones
593 3484 645 3530 etc.
683 3479 700 3528 l.
721 3481 752 3529 18
771 3479 794 3539 ἕ.
815 3481 844 3528 7:
863 3481 905 3542 qui
917 3480 953 3528 od
966 3480 1102 3542 sumendas
1113 3481 1168 3528 aios
1185 3481 1245 3543 eligi
1255 3482 1346 3541 solent,
1365 3495 1424 3530 eram

301 3565 363 3613 nibil
374 3566 406 3613 de
417 3567 526 3628 proprio
537 3565 690 3629 patrimonio
702 3566 728 3612 in
740 3564 787 3613 boc
799 3579 884 3612 mermes
902 3565 1037 3626 conserant
1050 3589 1082 3597 —
1093 3561 1143 3625 (sc.
1153 3564 1294 3627 personali
1306 3579 1424 3615 munere

301 3648 476 3714 funguntur).
518 3647 619 3699 Contra
643 3649 667 3698 ei
689 3648 708 3700 l.
729 3650 760 3698 18
778 3650 801 3708 ξ.
821 3649 853 3698 15
877 3647 991 3697 dicitnr:
1013 3650 1038 3697 si
1053 3649 1145 3713 aliquis
1161 3650 1245 3711 fuerit
1265 3651 1369 3707 eiectus,
1392 3659 1425 3699 ut

301 3735 434 3797 compellat
445 3749 500 3792 eos,
515 3736 559 3799 qui
567 3749 652 3798 prope
670 3733 733 3781 oium
747 3732 872 3796 publicam
887 3734 1032 3796 possident,
1050 3734 1263 3797 enarmonion,
1278 3737 1424 3797 personale

300 3834 386 3868 munus
398 3824 444 3875 est,
458 3823 554 3883 aperte
568 3818 621 3868 hoe
633 3817 695 3867 loeo
709 3817 789 3866 ambo
803 3817 977 3866 continentur
989 3831 1129 3866 munerum
1143 3833 1255 3881 genera,
1268 3818 1422 3883 personale

300 3901 536 3967 compellentium,
554 3901 714 3967 patrimonii
731 3901 920 3953 sternentium.
946 3901 986 3950 Ad
1005 3901 1226 3952 distributionem
1245 3901 1333 3966 operis
1353 3917 1423 3966 per·

298 3988 371 4036 tinet
388 3986 406 4036 l.
418 3988 449 4035 14
467 3988 518 4046 §.2
537 3987 622 4036 eiusd.
636 3986 725 4036 tituli:
743 3989 837 4036 viarum
847 3987 1005 4042 munitiones,
1024 3987 1189 4049 praediorum
1206 3988 1354 4036 collationes
1366 4003 1422 4037 non

297 4085 437 4133 personae,
456 4071 504 4120 sed
520 4073 629 4120 locorum
646 4085 749 4119 munera
766 4077 832 4118 sunt.

366 4173 411 4232 20)
429 4171 489 4221 Hoc
508 4186 615 4236 quoque
633 4171 732 4220 testari
750 4171 857 4221 videtur
876 4172 1076 4238 increscentem
1095 4171 1216 4220 secundo
1235 4169 1347 4220 saeculo
1359 4170 1423 4221 Ne-

300 4257 388 4304 mausi
407 4256 622 4320 magnitudinem
642 4260 669 4305 et
686 4254 825 4306 honorem.
863 4254 912 4305 efr.
932 4270 1016 4320 supra
1034 4271 1060 4319 p.
1082 4257 1138 4306 170.

366 4356 409 4418 21)
429 4352 484 4406 cfr.
504 4356 594 4406 locum
612 4357 640 4405 in
658 4361 724 4406 nota
742 4357 898 4420 insequenti
917 4357 1042 4406 citatum.
