3154 5162
599 474 683 531 PARS
705 475 724 530 l.
768 474 874 532 CAPVV
897 477 927 532 ll.
1280 480 1318 540 91

199 659 287 703 versa
309 642 419 703 litteris
446 633 668 712 lue-Divos,
697 643 727 702 iu
749 648 834 721 parte
857 659 960 704 aversa
983 639 1150 720 c·1·v⁴⁶),
1180 645 1231 721 qui
1259 662 1320 705 nou

196 751 327 823 possunt
348 761 409 804 non
432 743 554 804 attribui
575 741 709 804 coloniae
731 743 824 805 luliae
839 745 969 806 Viennae
992 752 1022 805 et
1043 747 1171 825 tempori
1187 745 1320 807 Caesaris

198 845 353 907 Octaviani
367 851 435 906 ante
458 852 644 925 assumptum
659 847 783 923 Augusti
807 846 934 907 titulum.
980 847 1115 918 Quorum
1140 864 1320 926 quamquam

197 949 300 1008 omnia
323 965 399 1025 quae
421 953 524 1008 extant
552 946 705 1028 exempla,
734 967 844 1009 nomen
872 948 1035 1009 ostendunt
1062 949 1229 1020 Octaviani,
1257 951 1318 1029 pri·

196 1067 284 1110 mum
306 1068 376 1111 cave
399 1047 572 1120 concludas,
594 1052 772 1112 ,necessario
800 1051 836 1111 ab
864 1049 921 1110 boc
949 1049 1068 1111 demum
1090 1052 1226 1131 principe
1248 1070 1318 1131 pro·

195 1154 336 1232 priorum
364 1169 557 1214 nummorum
585 1154 632 1212 ius
660 1154 748 1232 capiti
770 1150 962 1230 Allobrogum
991 1152 1135 1213 tributum
1165 1171 1240 1214 esse.
1283 1154 1321 1216 At

196 1256 287 1315 cuius
308 1255 428 1332 generis
451 1252 566 1314 colonia
590 1260 653 1314 erat
668 1255 796 1315 Vienna?
833 1253 875 1314 Ex
891 1254 978 1315 Plinii
999 1255 1118 1332 quidem
1141 1256 1320 1335 oppidorum

194 1357 370 1436 provinciae
393 1357 618 1416 enumeratione
640 1374 700 1416 nou
722 1361 822 1435 potest
843 1355 986 1427 dubitari,
1011 1359 1083 1434 quin
1103 1359 1162 1418 iam
1185 1375 1220 1418 eo
1243 1365 1318 1420 tem·

193 1476 290 1538 pore,
319 1458 354 1518 ad
378 1458 457 1535 quod
479 1458 610 1520 Pliniana
632 1460 764 1536 pertinet
785 1459 959 1538 descriptio,
989 1459 1051 1520 sive
1078 1465 1174 1520 aetate
1196 1461 1320 1538 Augusti

195 1557 316 1620 colonia
349 1559 441 1622 suerit
473 1561 579 1621 civium
612 1559 830 1630 Romanorum
865 1577 994 1638 namque
1027 1579 1095 1622 curn
1128 1579 1189 1622 non
1222 1560 1319 1624 sulum

195 1663 313 1723 Vienna
342 1661 527 1724 coloniarum
554 1679 681 1722 numero
708 1661 749 1724 ibi
778 1670 972 1724 recenseatur
1001 1663 1107 1724 eodem
1135 1662 1201 1725 loco
1230 1669 1319 1741 atque

193 1763 316 1834 Arelas,
346 1764 522 1834 Baeterrae,
550 1766 689 1833 Arausio,
719 1764 772 1825 sed
795 1766 883 1826 etiarn
904 1764 1018 1825 Plinius
1040 1766 1162 1826 omnino
1185 1765 1319 1826 coloniae

194 1883 311 1927 nomeu
332 1859 473 1928 nonnisi
496 1868 663 1928 civitatibus
685 1866 796 1927 tribuat
823 1867 930 1927 civium
953 1867 1169 1937 Romanorum,
1198 1866 1319 1929 Latinas

195 1973 301 2028 autem
324 1969 456 2029 civitates
479 1958 589 2048 oppida
603 1968 707 2030 Latiua
723 1986 842 2046 semper
859 1967 1001 2047 appellet,
1018 1987 1078 2029 nou
1094 1966 1238 2038 colonias,
1255 1987 1317 2030 ma·

194 2068 340 2132 nilestum
356 2076 410 2140 cst,
427 2071 575 2132 civitatem
589 2071 752 2132 Romanam
768 2069 844 2131 hauc
858 2068 967 2129 urbem
980 2076 1043 2129 tum
1059 2068 1206 2130 habuisse.
1244 2070 1318 2131 Cum

193 2171 296 2233 Plinio
318 2172 426 2234 deiude
449 2174 560 2252 optime
583 2173 734 2242 convenit,
759 2171 838 2249 quod
861 2189 939 2232 auno
961 2177 1031 2232 ente
1052 2169 1237 2238 Christum8
1260 2171 1316 2231 Ge·

194 2291 307 2343 navae,
335 2275 366 2335 iu
395 2275 537 2336 extremis
559 2275 752 2353 Allobrogum
774 2272 882 2334 linibus
905 2272 1056 2334 hominem
1077 2261 1245 2334 invenimus
1266 2275 1318 2350 qui

195 2377 377 2457 cognomine
399 2376 538 2454 indigena
562 2395 628 2438 esse
649 2376 797 2456 proditur,
821 2375 933 2437 tribum
955 2382 1053 2436 autem
1077 2376 1234 2454 prolitetur
1249 2374 1317 2437 Vol·

193 2478 311 2547 tiniam,
334 2477 424 2556 idque
446 2476 528 2540 nullu
552 2485 619 2540 ante
642 2483 726 2556 gesto
749 2479 921 2556 magistratu
945 2460 1132 2556 municipali,
1166 2495 1235 2538 cum
1258 2494 1317 2555 quo

194 2579 400 2642 conferendus
422 2586 467 2642 est
488 2579 553 2649 ille,
583 2596 673 2657 quem
701 2583 773 2640 item
802 2579 939 2642 Geuavae
968 2579 1075 2650 babes,
1106 2579 1137 2640 O.
1162 2578 1316 2650 Oruxsa'us,

203 2682 344 2752 Voltinia,
368 2681 512 2766 Hilarus,
534 2683 664 2760 origine,
689 2691 722 2743 ut
744 2689 881 2761 apparet,
906 2689 935 2742 et
957 2683 1022 2760 ipsc
1037 2679 1148 2742 Gallica
1171 2687 1201 2742 et
1222 2688 1318 2742 aetate

193 2783 272 2844 satis
293 2780 468 2862 antiqua.⁴⁷)
513 2783 574 2844 lam
597 2802 668 2844 vero
691 2784 794 2845 stricto
821 2785 887 2843 iure
911 2782 1017 2844 civium
1040 2781 1244 2856 Romanorum
1267 2801 1316 2843 cc-

192 2884 300 2954 louiiS,
333 2891 364 2946 ut
392 2903 468 2964 quae
490 2903 546 2965 pro
569 2885 705 2965 partibus
731 2886 826 2964 ipsius
847 2884 999 2945 Romanae
1020 2883 1204 2964 reipublicae
1225 2883 1316 2944 babe-

193 2992 320 3056 reutur,
348 3004 409 3047 non
438 2986 534 3057 licuit,
565 3005 619 3048 suo
647 2987 768 3048 nomine
795 3003 933 3047 nummos
962 2987 1094 3063 signare,
1130 2984 1182 3045 scd
1214 2983 1316 3046 Latina

194 3096 313 3149 mutum
336 3089 453 3167 oppida,
478 3089 546 3165 quia
568 3087 791 3150 foederatorum
813 3086 879 3148 loco
903 3093 996 3157 erant,
1021 3105 1055 3147 eo
1077 3084 1232 3165 privilegio
1250 3093 1315 3147 ute·

193 3191 322 3259 bautur;
347 3197 378 3251 at
398 3208 467 3250 cum
486 3190 613 3268 Augusti
636 3195 731 3252 aetate
753 3189 942 3251 inveniantur
957 3189 1116 3268 municipia
1140 3205 1259 3266 quoque
1275 3190 1315 3250 ci·

193 3293 279 3352 vium
301 3291 512 3361 Romanorum,
537 3308 612 3369 quae
634 3292 664 3352 id
686 3294 733 3354 ius
748 3290 914 3362 habuerint,
938 3292 1034 3371 possit
1055 3292 1086 3351 in
1102 3290 1205 3352 eadem
1228 3300 1318 3368 atque

193 3393 273 3454 baec
294 3392 441 3472 privilegii
463 3411 568 3456 caussa
590 3395 683 3455 luisse
698 3389 819 3454 Vienna.
866 3393 951 3465 Quod
974 3411 1034 3453 nou
1057 3392 1218 3463 admittam,
1234 3402 1316 3471 'quo-

195 3495 281 3556 niam
303 3511 378 3572 quae
402 3494 511 3575 oppida
533 3496 641 3556 civium
659 3495 862 3557 Romanorum
885 3493 943 3555 boc
963 3492 1118 3575 privilegio
1140 3494 1316 3572 gaudebant,

195 3596 310 3658 diserte
332 3595 468 3657 solebant
489 3597 630 3666 iudicare,
657 3598 807 3677 permissu
829 3598 953 3675 Augusti
975 3615 1007 3657 se
1029 3614 1167 3658 nummos
1189 3597 1316 3674 signare,

194 3701 230 3760 in
262 3696 479 3760 Viennensibus
510 3691 613 3759 'autem
647 3700 777 3760 nummis
809 3698 839 3758 id
875 3717 934 3758 nou
968 3696 1092 3776 legitur,
1130 3699 1178 3760 cui
1210 3700 1318 3759 rationi

194 3798 325 3868 accedit,
349 3799 428 3877 quod
450 3799 606 3877 bucusque
621 3799 737 3862 nubum
750 3801 901 3861 iuvenitur
922 3800 1091 3879 exemplum
1107 3799 1215 3879 oppidi,
1238 3799 1317 3876 quod

194 3903 245 3962 ius
267 3899 338 3962 illud
360 3901 396 3962 ab
417 3901 576 3963 Octaviano
602 3903 751 3981 acceperit
777 3902 910 3966 noudum
929 3897 1117 3980 Augusto.⁴⁸)
1162 3901 1256 3972 Quam
1279 3899 1316 3959 cb

92 4009 96 4016 '
142 4006 145 4012 '
194 4021 264 4064 rem
285 4002 358 4064 nibil
380 4005 488 4073 restat,
512 4005 570 4066 uisi
591 4011 625 4064 ut
646 4022 785 4066 nummos
801 4005 984 4065 Viennenses
1007 4022 1043 4064 ex
1066 4001 1170 4062 eodem
1192 4002 1257 4061 iure
1274 4008 1317 4061 at-

266 4255 309 4320 46)
327 4257 371 4308 De
389 4255 418 4306 la
436 4255 590 4321 saussayo,
608 4256 827 4321 Numismatique
848 4272 874 4320 p.
894 4256 1036 4306 lae-131.
1070 4235 1073 4241 ¹

266 4340 309 4407 47)
328 4341 399 4408 App.
418 4342 506 4408 epigr.
524 4357 570 4392 nn.
589 4343 646 4396 600.
665 4343 724 4393 601.

168 4427 171 4432 “
266 4423 310 4493 ta>
329 4425 387 4478 cn.
405 4424 569 4488 Mommsen,
586 4426 680 4484 Roem.
697 4425 874 4478 Miinzuesen
892 4440 917 4494 p.
936 4425 995 4476 etl.
