3148 5160
501 459 586 516 PARS
607 461 638 514 ll,
682 459 789 515 utrvr
812 459 841 516 ll.
1163 460 1223 521 169

22 657 24 684 t
120 625 306 688 hereditatum
331 632 360 685 et
382 625 529 686 libertatis
551 643 686 702 quaeque
709 626 884 687 muneribus
906 625 1150 694 continebantur,
1173 645 1220 687 re·

22 731 24 778 ἕ
121 749 182 791 vera
203 732 271 792 satis
296 747 434 808 magnum
456 731 512 790 luit
534 729 711 792 beneficium
735 747 831 808 eoque
853 733 985 808 gravius,
1011 730 1087 806 quod
1112 731 1221 790 Vienna

22 829 23 846 ³
120 850 213 910 agrum
241 831 369 893 babebat
396 833 557 893 maximum
585 833 663 893 inter
697 831 785 892 buius
819 834 988 912 provinciae
1017 832 1138 910 oppida,
1173 834 1223 910 qui

22 945 24 952 “
120 951 182 1012 ager
202 935 370 994 necessario
391 932 626 1013 comprehensus
649 941 695 994 est
717 935 783 994 iuro
805 934 921 1001 Italico;
952 942 981 993 et
1002 933 1223 994 memorabilius

22 1085 23 1096 .
120 1036 199 1096 etiam
220 1042 279 1106 est,
304 1035 383 1112 quod
405 1035 603 1113 Lugudunum
628 1052 747 1112 quoque
771 1037 897 1096 vicinum
927 1053 961 1094 eo
985 1035 1137 1114 privilegio
1161 1042 1223 1096 tum

119 1137 311 1198 videturesse
335 1137 485 1197 donatum.
532 1137 615 1209 Quod
640 1139 718 1198 enim
734 1137 872 1198 Claudius
895 1134 1023 1213 dioit³l):
1049 1140 1123 1212 an'd
1142 1141 1224 1198 nltrn

119 1239 300 1318 desideratis,
324 1256 413 1314 quarn
428 1247 461 1299 nt
481 1241 559 1299 robis
573 1241 666 1314 dtqtto
681 1241 891 1312 demonstrem,
914 1243 1006 1300 solnm
1025 1242 1121 1315 r'psnn
1143 1242 1224 1298 nltrn

22 1419 24 1424 .
115 1345 182 1413 tineo
196 1345 372 1417 provinciae
394 1343 594 1402 Narbonensis
608 1345 668 1401 tom
690 1343 769 1401 nobis
789 1347 940 1402 senatores
960 1345 1081 1410 mittere,
1105 1343 1225 1416 qnando

118 1461 152 1503 ex
170 1445 335 1519 anndnno
357 1444 466 1504 dobere
487 1460 540 1504 nos
558 1447 652 1504 nostri
671 1445 787 1505 ordinis
808 1445 885 1504 oinos
907 1461 964 1504 non
982 1446 1129 1520 poenitet,
1153 1463 1223 1504 con-

119 1548 241 1625 sequitur
264 1544 463 1624 Lugudunum
488 1555 550 1605 tum
579 1553 609 1605 et
634 1547 681 1606 ius
709 1544 856 1606 bonorum
879 1545 1019 1625 babuisse
1048 1551 1078 1605 et
1099 1547 1144 1606 ius
1167 1546 1223 1606 lta·

118 1645 212 1717 licum,
241 1655 275 1707 ut
297 1648 376 1727 quod
403 1666 495 1708 unum
524 1651 586 1707 soto
612 1647 791 1708 inhaereret.
837 1647 995 1725 Luguduni
1017 1655 1115 1708 autem
1139 1654 1225 1709 natus

22 1819 24 1830 Ι
119 1756 175 1809 erat
195 1749 334 1812 Claudius
357 1768 450 1828 eaque
473 1769 578 1811 caussa
600 1749 716 1810 videtur
740 1749 831 1810 luisse
854 1748 943 1810 liuius
965 1748 1158 1810 liberalitatis.

191 1854 226 1912 tt
248 1852 370 1914 maioris
394 1853 481 1912 etiam
505 1854 647 1912 momenti
670 1859 714 1912 est
730 1870 890 1931 quaerere,
915 1870 985 1911 uum
1008 1870 1067 1931 quo
1090 1858 1225 1930 tempore

22 1985 27 2037 q
117 1959 176 2012 aute
204 1953 371 2014 Caracallae
400 1953 479 2014 illam
508 1955 749 2015 constitutionem
779 1954 840 2012 sive
868 1954 966 2013 omnia
993 1952 1100 2032 oppida
1123 1951 1223 2012 Latina

22 2045 24 2104 Ξ
117 2072 167 2114 una
195 2056 361 2132 eademque
387 2054 453 2133 lege
482 2057 543 2115 sive
571 2054 714 2115 nonnulla
742 2053 844 2114 saltem
874 2053 1043 2130 singillatim
1071 2055 1137 2112 iure
1166 2053 1226 2113 sint

116 2163 200 2217 aucta.
247 2158 290 2220 td
314 2174 402 2234 quam
432 2158 636 2234 quaestionem
665 2155 881 2217 diiudicandam
911 2174 970 2215 imo
999 2161 1113 2215 tantum
1135 2171 1223 2232 argu·

22 2257 24 2294 ³
116 2268 207 2318 mento
224 2261 278 2320 niti
301 2277 462 2338 possumus
486 2277 581 2337 eoque
605 2260 675 2319 satis
697 2260 822 2327 incerto,
845 2256 1090 2336 inscriptionibus
1113 2255 1226 2316 scilicet

22 2353 24 2374 ³
115 2360 284 2439 oppidorum
308 2359 496 2430 Latinorum,
526 2363 556 2421 in
580 2359 688 2439 quibus
711 2359 846 2420 homines
873 2360 997 2437 ingenui
1025 2359 1144 2436 quidem
1173 2357 1224 2418 sed

22 2521 23 2526 ,
115 2460 229 2538 plebeii,
259 2464 393 2540 quinon
416 2481 471 2542 per
494 2463 684 2540 magistratus
707 2463 852 2522 civitatem
880 2461 978 2540 adepti
1001 2468 1084 2530 sunt,
1114 2461 1225 2521 tribum

113 2564 295 2640 profitentur,
320 2566 452 2643 exceptis
474 2561 573 2625 tamen
597 2564 843 2643 inscriptionibus
866 2563 1006 2633 militum,
1037 2581 1113 2641 quos
1136 2581 1225 2641 supra

23 2717 24 2734 2
115 2663 148 2742 (p-
166 2664 235 2744 161)
261 2667 420 2728 statuimus
444 2683 480 2725 ex
509 2668 574 2746 ipso
604 2664 721 2727 delectu
750 2667 961 2726 civitate'esse
989 2665 1122 2724 donatos.
1169 2666 1224 2724 Ve-

23 2771 24 2832 }
114 2784 173 2828 rum
201 2777 261 2838 est,
300 2769 444 2828 maiorem
480 2767 624 2828 eiusmodi
658 2766 812 2827 titulorum
842 2775 957 2846 partem
985 2766 1094 2826 indicio
1122 2767 1226 2826 aetatis

23 2905 27 2974 i

23 2873 25 2882 “
114 2886 207 2929 carere
230 2871 359 2950 ideoque
382 2888 469 2948 posse
493 2871 581 2931 etiam
597 2887 662 2928 esse
684 2876 820 2947 tempore
836 2867 1001 2928 Caracallae
1017 2868 1224 2945 posteriorem,

24 2977 26 3046 ᾗ
113 2976 139 3028 at
154 2977 183 3030 ut
198 2973 322 3032 omnino
338 2974 428 3032 tertio
451 2971 569 3032 saeculo
592 2977 784 3030 monumenta
807 2969 965 3047 inscripta,
990 2985 1065 3045 quae
1088 2985 1148 3026 non
1169 2969 1224 3026 im-

24 3055 26 3104 l
113 3074 296 3148 potatoribus
318 3075 379 3133 sive
400 3072 520 3152 publice
543 3073 604 3134 sive
625 3072 762 3152 privatim
785 3072 880 3149 posita
903 3074 987 3137 sunt,
1017 3070 1129 3129 rariora
1152 3069 1224 3127 inci·

24 3145 30 3304 l

26 3779 28 3792 l

112 3175 191 3249 piunt
212 3194 297 3244 esse,
327 3176 367 3236 ita
389 3181 495 3235 natura
518 3173 647 3242 terebat,
676 3181 709 3234 ut
730 3174 795 3250 ipso
818 3173 906 3231 tertio
929 3171 1046 3230 saeculo
1069 3176 1225 3249 postquam

25 3321 27 3352 ,
112 3291 303 3350 peromnem
327 3275 430 3336 orbem
453 3280 615 3356 propagata
639 3280 685 3334 est
707 3275 809 3334 civitas
831 3273 977 3341 Romana,
1009 3271 1104 3332 tribus
1128 3273 1226 3332 miuus

111 3375 262 3455 diligenter
285 3373 521 3454 iudicaretur.⁴⁰l

188 3480 250 3542 lam
273 3465 346 3539 vero
368 3486 403 3538 ut
424 3479 459 3538 ab
483 3477 635 3540 occidente
661 3477 853 3555 incipiamus,
877 3475 1013 3537 homines
1035 3472 1169 3554 plebeios
1193 3494 1226 3535 ea

34 3589 37 3600 ·
111 3579 184 3642 tribu
199 3582 343 3660 insignes,
368 3582 415 3640 cui
429 3580 522 3650 locus,
548 3579 625 3640 unde
644 3586 728 3640 erant
743 3577 869 3647 oriundi,
895 3576 1062 3655 adscriptus
1085 3583 1158 3647 erat,
1181 3578 1225 3636 ln-

110 3683 239 3744 veuimus
262 3682 390 3742 Tolosae
413 3700 505 3742 unum
530 3679 605 3761 (app.
630 3700 659 3741 n.
685 3679 756 3757 276)
787 3680 890 3740 aetatis
912 3679 1057 3747 incertae,
1087 3679 1227 3740 Nemausi

109 3782 136 3841 in
157 3785 219 3862 ipsa
244 3783 321 3845 urbe
344 3789 411 3843 octo
435 3783 501 3863 (nn.
528 3787 717 3864 166-171.
742 3778 950 3856 tta-174).
976 3798 1010 3838 ex
1034 3781 1142 3858 quibus
1164 3785 1227 3838 tres

111 3882 185 3962 (167.
212 3891 286 3953 170.
313 3884 383 3962 173)
407 3886 507 3963 apices
535 3883 645 3943 habent
672 3881 777 3942 litteris
800 3883 1018 3960 superpositos,
1049 3882 1100 3959 qui
1127 3881 1226 3959 apices

110 3984 244 4047 Nemausi
267 3987 463 4047 inveniuntur
489 4004 583 4065 usque
612 3983 648 4045 ad
682 3990 808 4044 aetatem
832 3983 933 4043 Severi
955 3980 1116 4043 Alexandri
1140 3980 1224 4060 (app.

27 4169 29 4196 Ι
109 4103 134 4146 u.
159 4085 252 4166 101);
284 4089 315 4147 in
343 4103 415 4164 agro
437 4087 633 4148 Nemausensi
666 4087 796 4165 quinque
819 4085 921 4163 1(251.
951 4089 1022 4149 257.
1052 4086 1122 4148 258.
1153 4084 1223 4146 259.

27 4263 31 4380 t

110 4235 414 4248 w

171 4325 214 4390 39)
235 4323 308 4374 Tab.
328 4322 437 4390 Lugud.
457 4323 509 4373 col.
528 4323 564 4374 ΙΙ.
582 4338 628 4373 vv.
648 4295 756 4370 27-29.

171 4408 214 4471 40)
235 4407 297 4458 Cir.
311 4407 480 4469 Mommsen,
497 4407 627 4458 Berichte
643 4405 691 4456 der
705 4403 813 4454 saechs.
833 4400 986 4454 Gesellsch.
1002 4401 1069 4452 tato
1085 4418 1113 4466 p.
1123 4402 1173 4451 215
1184 4415 1226 4466 sq.
