3154 5162
388 523 448 586 134
769 518 853 574 PARS
875 517 905 572 ll.
949 516 1055 576 CAPVT
1077 521 1096 575 l.

387 687 495 750 Strabo
517 688 687 768 provinciae
711 704 763 746 eos
786 683 903 758 tribuit,
934 687 989 747 bas
1017 687 1199 748 differentias
1226 690 1252 748 si
1280 688 1350 765 quid
1382 689 1483 748 omuino

388 791 570 852 auctoritatis
601 789 647 849 bis
674 787 801 849 testibus
829 795 935 850 contra
955 787 1082 850 Plinium
1111 790 1262 860 concedis,
1294 792 1336 852 sic
1358 789 1482 870 explices:

387 894 494 954 devicti
517 897 587 953 sunt
608 889 730 954 Medulli
751 888 839 951 bellis
860 890 932 962 illis,
957 907 1033 970 quae
1055 891 1144 971 legati
1158 894 1283 970 Augusti
1304 899 1373 972 post
1392 909 1484 952 annum

387 1016 412 1057 a.
431 994 483 1060 Ch.
500 1000 540 1061 27
562 995 592 1054 in
615 993 738 1072 Alpibus
760 999 919 1072 gesserunt
941 1002 971 1054 et
992 994 1099 1055 adiecti
1113 1013 1206 1073 regno
1222 995 1373 1063 Cottiano;
1395 991 1484 1076 deinde

388 1099 449 1158 sire
472 1096 527 1158 sub
549 1098 681 1174 Augusto
705 1098 765 1156 sive
792 1097 896 1175 primis
918 1095 1031 1156 Tiberii
1052 1098 1152 1167 annis,
1176 1098 1279 1174 utique
1302 1103 1371 1157 ante
1393 1113 1485 1156 annun

386 1219 416 1280 p.
442 1197 494 1260 Ch.
519 1203 574 1268 18,
605 1215 663 1276 quo
693 1215 771 1259 anno
800 1206 924 1278 quartus
947 1197 1102 1260 Strabonis
1129 1197 1205 1260 liber
1233 1201 1417 1278 conscriptus
1443 1204 1486 1265 est,
1519 1225 1520 1228 ¹

386 1304 418 1362 in
440 1302 625 1381 provinciam
641 1299 866 1362 Narbonensem
888 1301 1073 1362 transierunt
1095 1307 1125 1361 et
1147 1306 1232 1361 erant
1253 1302 1284 1361 in
1306 1299 1364 1362 hac
1385 1299 1486 1380 provin·

388 1405 432 1466 cia
456 1404 544 1464 etiam
568 1402 730 1464 Ptolemaei
753 1410 856 1463 aetate.

474 1510 502 1571 3.
538 1503 614 1566 Dicit
636 1503 755 1584 quidem
777 1505 891 1565 Plinius
914 1511 948 1574 3,
973 1509 1027 1576 24,
1056 1505 1141 1565 titulo
1164 1505 1279 1584 tropaei
1299 1502 1416 1584 Alpium
1439 1521 1488 1564 non

389 1607 535 1669 contineri
557 1607 688 1666 civitates
711 1606 859 1667 Cottianas
881 1605 949 1676 llll,
973 1615 1006 1668 ut
1033 1624 1109 1684 quae
1136 1625 1197 1668 non
1223 1607 1336 1667 fuerint
1366 1604 1488 1671 hostiles}

390 1717 419 1769 at
439 1711 471 1769 in
494 1727 566 1769 arcu
582 1707 726 1785 Segusino
742 1708 914 1770 nouaclum
937 1710 1069 1768 civitates
1091 1709 1258 1770 invenimus
1281 1725 1407 1770 numero
1428 1707 1488 1775 llll,

390 1811 442 1871 sed
471 1812 558 1870 etiam
586 1811 664 1870 inter
692 1827 742 1870 cas
764 1809 931 1888 Caturiges,
956 1809 1114 1879 MedulloS,
1143 1809 1303 1880 Adanates,
1327 1811 1489 1877 Veaminios

390 1930 464 1990 cpuos
492 1913 571 1972 inter
599 1910 727 1972 devictas
755 1917 858 1989 gentes
886 1910 1007 1990 Alpinas
1035 1919 1172 1972 recenset
1201 1919 1374 1991 tropaeum,
1408 1927 1491 1988 neque

388 2021 488 2075 tamen
511 2020 606 2073 aetate
629 2013 771 2073 differunt
793 2012 851 2074 duo
875 2012 923 2073 illa
945 2021 1144 2074 monumenta.
1182 2014 1218 2074 At
1240 2014 1339 2074 differt
1363 2019 1451 2074 aetate
1470 2017 1493 2072 et

388 2119 514 2178 tortasse
544 2118 631 2176 etiam
654 2116 827 2176 auctoritate
856 2114 892 2175 ab
922 2115 969 2175 his
991 2117 1191 2176 monumentis
1213 2117 1252 2186 is,
1283 2133 1374 2194 quem
1395 2115 1492 2176 Plinius

389 2223 417 2287 3,
436 2223 476 2282 24
499 2225 566 2278 ante
589 2217 691 2280 oculos
714 2217 855 2288 habebat,
880 2217 1081 2278 Cottianorum
1104 2219 1252 2277 civitatum
1275 2217 1438 2295 catalogus
1460 2222 1493 2275 at-

390 2337 447 2396 que
470 2317 528 2380 hoc
550 2322 613 2380 lere
636 2319 723 2381 modo
747 2339 811 2381 rem
834 2319 1041 2399 explicaveris:
1067 2319 1135 2379 dum
1158 2321 1189 2380 in
1212 2319 1335 2398 Alpibus
1360 2319 1493 2379 belluna

391 2421 532 2482 Romanis
554 2424 683 2500 geritur,
706 2441 809 2501 pacem
833 2422 974 2484 tenebant
996 2422 1145 2483 Cottianae
1168 2439 1244 2499 quae
1271 2429 1336 2482 tum
1361 2427 1443 2484 erant
1462 2421 1494 2479 ci·

389 2525 508 2594 vitatos,
533 2526 593 2584 sive
616 2522 697 2593 illae,
722 2542 797 2603 quae
820 2525 904 2584 utin
928 2543 998 2584 arcu
1021 2525 1061 2583 ita
1083 2543 1144 2584 non
1165 2527 1197 2586 in
1218 2531 1344 2602 tropaeo
1360 2524 1494 2602 leguntur,

391 2633 419 2685 et
442 2624 547 2686 harum
571 2644 695 2686 numero
718 2633 820 2704 postea
836 2625 958 2686 devictis
973 2624 1116 2704 Inalpinis
1138 2626 1244 2686 adiecti
1259 2633 1329 2687 sunt
1346 2628 1494 2702 Caturiges,

389 2726 524 2792 Medulli.
555 2727 714 2796 Adanates,
744 2729 902 2796 Veaminii;
937 2735 1072 2807 tempore
1106 2727 1213 2789 deinde
1241 2727 1329 2789 Plinii
1360 2730 1496 2790 Cottianae

390 2831 535 2900 civitates,
566 2848 641 2908 quae
669 2832 728 2891 iarn
756 2832 787 2889 in
815 2830 986 2909 provinciae
1013 2832 1138 2891 formam
1168 2837 1252 2890 erant
1273 2831 1428 2900 redactae,
1451 2847 1496 2888 nu-

389 2952 473 2994 mero
498 2940 582 2994 crant
605 2932 778 3002 duodecim,
803 2949 892 3009 quem
914 2949 1072 2992 numerum
1087 2932 1217 3002 Plinius,
1242 2949 1300 3009 quo
1316 2932 1386 2994 loco
1401 2946 1497 2993 nomen

391 3054 491 3098 earum
527 3037 677 3096 civitatum
711 3033 815 3095 debuit
851 3051 1100 3105 commemorare,
1140 3033 1211 3094 buic
1243 3037 1361 3096 nomini
1394 3033 1496 3097 adiecit

390 3155 568 3215 quamquam
591 3138 687 3216 priori
710 3139 795 3196 aetati
818 3155 878 3197 non
901 3152 995 3212 aeque
1018 3136 1219 3197 conveniebat.

475 3245 503 3302 4.
538 3239 689 3300 Accedunt
718 3256 752 3298 ex
782 3237 950 3299 Ptolemaeo
980 3238 1016 3298 ad
1046 3238 1132 3298 Plinii
1161 3236 1398 3316 descriptionem
1425 3237 1498 3299 Corn-

390 3342 486 3410 moni,
510 3340 642 3420 Elpcoci,
667 3341 770 3400 Sentii.
816 3343 852 3401 At
875 3340 1045 3401 Commonis
1074 3339 1193 3417 quidem
1217 3358 1284 3401 cum
1306 3340 1499 3402 attribuantur

390 3441 498 3520 oppida
526 3443 668 3513 Massilia,
699 3443 917 3512 Tauroentum,
942 3441 1040 3511 Olbia,
1073 3443 1182 3503 Forum
1212 3442 1291 3513 lulii,
1322 3459 1403 3520 quae
1429 3439 1499 3502 nullo

389 3544 478 3604 modo
501 3551 585 3605 erant
607 3544 733 3615 Gallica,
762 3543 848 3605 facile
878 3551 1016 3622 apparet,
1046 3562 1155 3605 nomen
1183 3544 1240 3604 boc
1263 3563 1347 3614 esse,
1379 3542 1456 3624 quod
1475 3542 1501 3600 in

391 3645 489 3722 aliquo
512 3646 588 3707 libro
612 3649 772 3707 vetustiore
795 3646 864 3706 hnic
891 3646 999 3706 littoris
1027 3648 1104 3725 parti
1134 3646 1298 3706 adhaerens
1321 3646 1501 3708 Ptolemaeus

389 3749 502 3808 invenit
523 3764 621 3824 neque
643 3766 714 3807 vero
736 3755 919 3826 usurparunt
940 3750 1131 3827 posteriores.
1177 3747 1296 3828 Elycoci
1319 3755 1423 3810 autem
1445 3763 1502 3808 cum

320 3905 322 3910 .
390 3852 470 3911 circa
491 3848 595 3912 Albam
615 3851 776 3926 Augustam
799 3849 979 3921 habitarent,
1003 3852 1142 3912 nonnisi
1164 3869 1234 3930 pars
1256 3851 1352 3912 fuisse
1375 3852 1502 3912 ridentur

390 3954 454 4032 agri
475 3952 618 4013 Reiensis
665 3952 707 4012 lle
731 3951 839 4013 Sentiis
861 3952 988 4032 denique
1012 3971 1113 4014 secum
1141 3955 1206 4031 ipse
1234 3970 1375 4032 pugnare
1398 3953 1503 4014 videtur

390 4055 593 4124 Ptolemaeus
624 4056 649 4116 si
671 4056 860 4116 consentiens
889 4073 957 4115 cnm
986 4056 1089 4116 notitia
1117 4055 1341 4133 provinciarum
1372 4053 1503 4135 oppidum

392 4159 537 4220 Sanitium
559 4155 682 4236 Alpibus
703 4156 872 4226 Maritimis,
897 4159 1043 4218 civitatem
1067 4157 1238 4217 Sentiorum
1260 4160 1440 4236 provinciae
1459 4156 1504 4216 tri·

390 4260 468 4328 buit;
493 4268 581 4337 atque
603 4277 723 4329 revera,
748 4260 888 4339 quoniam
903 4259 1002 4330 Dinia,
1026 4277 1115 4338 quam
1137 4278 1192 4338 pro
1209 4261 1304 4337 capite
1323 4259 1440 4321 Sentiis
1454 4258 1502 4324 dat,

390 4361 485 4422 Plinio
514 4369 634 4424 anctore
657 4362 900 4423 Bodionticorurn
931 4367 960 4420 et
981 4363 1189 4422 Avanticorum
1217 4367 1305 4439 caput
1338 4371 1422 4433 erat,
1445 4363 1504 4422 Pto·

391 4460 522 4523 lemaens
542 4468 570 4531 2,
595 4469 614 4530 9
637 4464 674 4523 de
698 4463 870 4524 Sentiorum
891 4465 1012 4524 nomine
1035 4463 1150 4525 ¹videtur
1174 4480 1299 4524 errasse.
