3184 5162
303 409 321 468 8
763 399 962 456 PROORblthl.

302 571 379 632 aliud
397 567 566 648 exemplum
579 569 611 640 ,in
628 565 732 628 mediis
747 567 855 627 Poenis
873 574 962 636 extet,
982 567 1121 644 quoniam
1137 583 1214 625 unus
1230 583 1266 625 ex
1281 565 1417 644 portibus

302 672 386 734 urbis
409 669 592 748 Carthaginis
616 669 732 748 etipse
755 668 920 748 appellatus
946 669 984 728 sit
1006 667 1147 728 Ruscino.
1193 666 1344 729 Coloniam
1367 688 1419 729 au-

302 783 360 834 tem
382 773 497 834 Movers
520 772 719 832 Ruscinonem
742 777 826 849 putat
850 787 914 830 esse
936 769 1110 850 Tyriorum,
1140 770 1251 848 quippe
1279 771 1330 848 qui
1351 770 1421 830 inde

302 875 338 935 ab
361 875 479 937 saeculo
503 893 529 934 a.
554 871 605 935 Ch.
630 873 788 934 undecimo
812 890 907 948 usque
936 872 972 932 ad
1000 870 1152 931 saeculum
1174 890 1288 932 nonum
1309 871 1421 932 florens

301 980 331 1036 in
354 997 405 1038 ora
428 977 587 1055 Hispaniae
610 972 786 1035 occidentali
808 972 968 1034 habuerint
995 975 1164 1050 imperium.
1210 973 1293 1034 Ultra
1315 972 1419 1034 Rusci-

302 1098 410 1140 nonem
427 1096 496 1138 vero
520 1093 696 1155 progressos
717 1094 783 1136 esse
798 1061 963 1136 Phoenices
978 1074 1095 1135 Movers
1110 1069 1213 1152 negat3
1237 1093 1316 1145 nam,
1340 1076 1419 1152 quod

303 1180 471 1259 Stephanus
494 1179 673 1258 Byzantinus
685 1174 720 1255 29)
745 1177 852 1238 urbem
873 1177 1062 1254 insulamque
1077 1175 1201 1237 Alonem
1222 1179 1355 1238 nominat
1369 1195 1417 1236 co·

302 1282 411 1343 ioniam
429 1281 667 1350 Massiliensium,
693 1281 820 1358 scriptor
842 1278 892 1338 ille
908 1297 1011 1340 rerum
1027 1278 1255 1340 Phoeniciarum
1273 1279 1420 1339 conditam

285 1383 379 1443 'hanc
402 1383 522 1461 quidem
545 1399 611 1441 esse
641 1387 743 1441 censet
772 1401 788 1442 a
817 1380 1029 1449 Phoenicibus,
1060 1383 1199 1459 quoniam
1228 1379 1321 1442 Alone
1348 1379 1422 1440 nihil

303 1483 382 1545 aliud
406 1485 452 1552 sit,
478 1501 566 1561 quam
589 1500 699 1544 nomen
721 1483 776 1568 Dei
790 1481 956 1551 Phoenicis,
981 1482 1060 1559 quod
1083 1481 1176 1542 habes
1197 1483 1228 1541 in
1251 1481 1422 1542 nommibus

302 1584 453 1654 llartalon,
476 1584 618 1654 Abdalon,
643 1601 742 1661 neque
759 1601 827 1643 vero
852 1586 936 1644 sitam
960 1602 1025 1644 carn
1048 1601 1114 1644 esse
1137 1601 1231 1662 prope
1251 1584 1419 1652 Massiliam,

303 1687 354 1749 sed
382 1689 413 1746 in
441 1686 597 1764 Hispania,
628 1685 680 1746 ubi
706 1702 800 1765 prope
828 1687 1067 1763 promontorium
1095 1685 1233 1746 Dianium
1259 1685 1296 1746 ad
1323 1687 1420 1746 sinum

302 1788 477 1848 illicitanum
501 1786 625 1848 itionem
647 1788 740 1848 luisse
763 1786 837 1848 Mela
859 1793 994 1848 testatur.
1006 1783 1043 1864 ³⁰)

388 1890 524 1967 Origines
539 1890 629 1966 igitur
652 1888 794 1950 historiae
818 1890 881 1950 eius
893 1889 1033 1966 regionis
1057 1889 1094 1948 de
1118 1906 1175 1966 qua
1191 1891 1251 1966 agit
1271 1888 1319 1949 hic
1335 1887 1419 1957 liber,

302 1999 443 2071 quantum
457 2010 512 2052 nos
523 1990 643 2070 quidem
654 2009 710 2069 per
722 1997 833 2052 tantam
846 1997 1014 2069 temporum
1026 1990 1237 2052 obscuritatem
1250 1990 1421 2052 discernere

302 2112 471 2171 possumus,
492 2093 606 2153 versari
624 2092 761 2153 videntur
781 2095 812 2153 in
828 2093 1000 2153 nominibus
1016 2091 1159 2170 Ligurum
1184 2099 1213 2151 et
1227 2091 1419 2154 Phoenicum

303 2196 396 2268 Quam
419 2196 546 2272 primam
574 2200 700 2254 aetatem
728 2194 863 2272 sequitur
893 2202 973 2256 aetas
997 2193 1184 2255 Celtarum
1213 2195 1274 2253 sive
1297 2193 1418 2255 Gallo·

304 2316 379 2358 rum
404 2304 433 2356 et
456 2296 693 2356 Graecorum.
739 2294 843 2356 Refert
866 2301 963 2356 autam
988 2296 1095 2357 Festus
1118 2296 1266 2363 Avienus,
1296 2295 1422 2372 Ligures

303 2398 373 2458 olim
396 2399 429 2456 in
452 2396 677 2474 septentrionali
701 2413 820 2473 quoque
844 2396 935 2458 Gallia
957 2396 1115 2465 habitasse,
1139 2397 1242 2476 pulsos
1256 2404 1361 2458 autem
1386 2395 1423 2458 ab

303 2498 393 2560 Celtis
417 2498 452 2560 ad
482 2517 565 2560 oram
594 2499 684 2559 maris
713 2498 926 2560 mediterranei
953 2495 1180 2578 pervenisse.³¹)
1226 2499 1306 2570 Quae
1327 2500 1422 2577 prima

303 2598 450 2662 Celtarum
474 2601 504 2658 in
528 2599 650 2660 Galliam
673 2601 801 2679 irruptio
830 2618 889 2677 quo
917 2608 1054 2680 tempore
1082 2602 1243 2680 inceperit,
1269 2619 1327 2661 non
1351 2619 1421 2661 con·

303 2709 374 2770 stat,
403 2708 433 2762 at
455 2700 572 2778 quando
601 2700 637 2763 ad
660 2720 744 2762 oram
766 2701 992 2763 meridionalem
1020 2711 1049 2762 et
1070 2701 1206 2764 Rhodani
1234 2704 1308 2764 ostia
1329 2720 1421 2780 pene-

302 2804 410 2864 trarint
435 2802 478 2862 illi
506 2802 652 2872 advenae,
684 2805 792 2864 sinon
820 2813 903 2865 certo
927 2803 1120 2873 concludere,
1151 2805 1295 2882 suspicari
1322 2811 1422 2864 tamen

302 2904 378 2966 licet.
424 2903 590 2965 Verisimile
614 2906 693 2964 enirn
716 2913 775 2975 est,
806 2905 902 2966 Celtas
926 2906 1030 2966 codem
1058 2906 1121 2966 lere
1144 2913 1278 2986 tempore
1301 2907 1343 2966 cis
1366 2905 1419 2966 Ce-

300 3006 431 3067 bennam
454 3006 640 3075 consedisse,
664 3023 722 3084 quo
745 3007 915 3086 Pyrenaeos
943 3009 1120 3085 transgressi
1143 3008 1313 3086 Hispaniam
1340 3009 1420 3068 inva-

303 3115 415 3168 serunt.
461 3107 546 3178 Quod
569 3115 667 3168 autem
692 3114 721 3167 et
744 3106 893 3191 sarabath
919 3109 991 3170 dicit
1011 3118 1079 3188 post
1093 3110 1199 3188 Tyrios
1222 3128 1239 3168 a
1260 3108 1349 3169 Celtis
1371 3128 1419 3168 oc·

302 3215 438 3286 cupatam
462 3227 527 3268 esse
549 3207 677 3269 iberiam
701 3211 846 3275 et·Varro
870 3210 948 3290 apud
971 3207 1143 3288 runiumffl)
1166 3218 1235 3289 post
1257 3209 1422 3271 Phoenices
1489 3213 1491 3217 ’

369 3494 412 3559 29)
433 3493 526 3560 Steph.
545 3495 626 3558 Bya:
649 3487 774 3560 Ἆλωνίς,
798 3495 883 3562 νῆσος
906 3495 955 3549 καὶ
979 3490 1059 3557 πόλις
1082 3498 1255 3557 Μασσαλίας
1278 3494 1314 3557 ὡς
1333 3489 1420 3562 ’alpra-

301 3579 434 3644 μίδωρος.
966 3616 968 3620 -

369 3663 412 3728 30)
432 3663 507 3712 Mela
520 3667 544 3725 2,
559 3666 588 3713 6:
608 3663 722 3730 Sequens
742 3663 839 3729 (sinus)
859 3667 1004 3719 Illicilanas
1017 3669 1124 3719 Adonem
1136 3669 1218 3719 habet.
1248 3667 1337 3734 Propo
1349 3669 1422 3718 Mas·

302 3748 395 3797 ailiam
413 3747 529 3798 Alonem
549 3749 668 3798 collocat
684 3751 868 3814 Walkenaer‚
889 3751 989 3818 Ge'ogr.
1010 3769 1071 3802 ano.
1092 3753 1139 3802 des
1159 3752 1263 3803 Gairles
1283 3755 1309 3811 1,
1329 3755 1387 3806 280.

369 3832 414 3894 31)
433 3833 508 3882 Fest.
529 3833 645 3896 uvion„
665 3849 713 3883 ora
731 3837 821 3885 marit.
842 3839 993 3889 133-145.

370 3917 413 3979 32)
433 3916 531 3967 Strabo
554 3918 605 3967 III.
629 3935 655 3982 p.
679 3918 728 3968 158
751 3919 829 3972 Cas:
862 3917 889 3972 εί
911 3918 1093 3984 συνασπίζειν
1116 3913 1266 3985 ἐβούλοντο
1290 3912 1421 3989 αλλήλοις

303 3995 342 4062 (οἱ
353 3989 484 4067 Ἴβηρες),
504 3991 568 4053 οὔτε
580 4000 791 4068 Καρχηδονίοις
810 3995 935 4068 ὑπῆρξεν
946 3993 983 4056 dv
995 4003 1253 4070 καταστρέψασθαι
1267 3999 1421 4058 ἐπελθοῦσι

301 4076 353 4149 τὴν
370 4084 506 4151 πλείστην
530 4079 625 4138 αὐτῶν
649 4080 680 4138 ἐν
698 4088 877 4154 περιουσίας,
902 4086 951 4140 καὶ
975 4084 1016 4142 ἔτι
1038 4083 1175 4156 πρότερον
1199 4089 1330 4156 Τορίοις,
1356 4084 1420 4142 εἶτα

300 4171 419 4230 Κελτοῖς
437 4175 491 4226 etc.
894 4159 901 4174 ⁴

370 4255 412 4320 33)
432 4256 503 4309 Plin.
521 4257 587 4310 hist.
606 4261 662 4306 nat.
683 4261 711 4320 3,
731 4260 761 4311 3:
785 4258 813 4306 in
836 4258 993 4308 universam
1012 4257 1177 4326 Hispaniam
1196 4261 1232 4312 M.
1252 4262 1339 4310 Varro
1357 4277 1419 4325 per-

300 4339 410 4389 venisse
428 4340 524 4392 Iberos
544 4347 571 4392 et
589 4343 689 4392 Persas
709 4347 736 4391 et
754 4343 894 4392 Phoenices
915 4343 1047 4410 Gallosque
1067 4349 1095 4395 ot
1113 4345 1219 4395 Poenos
1238 4344 1331 4394 tradit.
