<?xml version="1.0" encoding="UTF-8"?>
<!DOCTYPE html PUBLIC "-//W3C//DTD XHTML 1.0 Transitional//EN"
    "http://www.w3.org/TR/xhtml1/DTD/xhtml1-transitional.dtd">
<html xmlns="http://www.w3.org/1999/xhtml" xml:lang="en" lang="en">
 <head>
  <title>
</title>
<meta http-equiv="Content-Type" content="text/html;charset=utf-8" />
  <meta name='ocr-system' content='tesseract 3.04.00' />
  <meta name='ocr-capabilities' content='ocr_page ocr_carea ocr_par ocr_line ocrx_word'/>
</head>
<body>
  <div class='ocr_page' id='page_1' title='image "./galliaenarbonen01herzgoog_0130.png"; bbox 0 0 3154 5162; ppageno 0'>
   <div class='ocr_carea' id='block_1_1' title="bbox 341 467 1067 535">
    <p class='ocr_par' dir='ltr' id='par_1_1' title="bbox 341 467 1067 535">
     <span class='ocr_line' id='line_1_1' title="bbox 341 467 1067 535; baseline -0.012 -2"><span class='ocrx_word' id='word_1_1' title='bbox 341 473 402 535; x_wconf 81' lang='lat'>114</span> <span class='ocrx_word' id='word_1_2' title='bbox 726 469 810 526; x_wconf 80' lang='lat' dir='ltr'><strong>PARS</strong></span> <span class='ocrx_word' id='word_1_3' title='bbox 832 468 853 526; x_wconf 88' lang='lat'>1.</span> <span class='ocrx_word' id='word_1_4' title='bbox 896 467 1003 526; x_wconf 80' lang='lat' dir='ltr'>GAPVT</span> <span class='ocrx_word' id='word_1_5' title='bbox 1025 467 1067 525; x_wconf 93' lang='lat' dir='ltr'>lll.</span> 
     </span>
    </p>
   </div>
   <div class='ocr_carea' id='block_1_2' title="bbox 337 633 1461 2646">
    <p class='ocr_par' dir='ltr' id='par_1_2' title="bbox 337 633 1461 2342">
     <span class='ocr_line' id='line_1_2' title="bbox 341 633 1459 714; baseline -0.002 -17"><span class='ocrx_word' id='word_1_6' title='bbox 341 643 369 697; x_wconf 87' lang='lat' dir='ltr'>et</span> <span class='ocrx_word' id='word_1_7' title='bbox 391 637 458 699; x_wconf 91' lang='lat' dir='ltr'>lulii</span> <span class='ocrx_word' id='word_1_8' title='bbox 480 635 628 697; x_wconf 84' lang='lat' dir='ltr'>Sacroviri</span> <span class='ocrx_word' id='word_1_9' title='bbox 649 637 680 697; x_wconf 90' lang='lat' dir='ltr'>in</span> <span class='ocrx_word' id='word_1_10' title='bbox 703 635 846 697; x_wconf 88' lang='lat' dir='ltr'>ulteriore</span> <span class='ocrx_word' id='word_1_11' title='bbox 869 634 962 697; x_wconf 88' lang='lat' dir='ltr'>Gallia</span> <span class='ocrx_word' id='word_1_12' title='bbox 989 634 1318 714; x_wconf 85' lang='lat' dir='ltr'>rebellioprovinciam</span> <span class='ocrx_word' id='word_1_13' title='bbox 1342 633 1459 696; x_wconf 89' lang='lat' dir='ltr'>Narbo·</span> 
     </span>
     <span class='ocr_line' id='line_1_3' title="bbox 340 733 1461 816; baseline -0.004 -16"><span class='ocrx_word' id='word_1_14' title='bbox 340 757 464 800; x_wconf 82' lang='lat' dir='ltr'>oensem</span> <span class='ocrx_word' id='word_1_15' title='bbox 487 757 525 799; x_wconf 93' lang='lat' dir='ltr'>ne</span> <span class='ocrx_word' id='word_1_16' title='bbox 548 739 669 798; x_wconf 89' lang='lat' dir='ltr'>minime</span> <span class='ocrx_word' id='word_1_17' title='bbox 691 738 810 816; x_wconf 86' lang='lat' dir='ltr'>quidem</span> <span class='ocrx_word' id='word_1_18' title='bbox 833 733 1025 815; x_wconf 74' lang='lat' dir='ltr'>tetigerat28),</span> <span class='ocrx_word' id='word_1_19' title='bbox 1049 739 1087 797; x_wconf 90' lang='lat' dir='ltr'>ita</span> <span class='ocrx_word' id='word_1_20' title='bbox 1112 745 1174 797; x_wconf 92' lang='lat' dir='ltr'>tum</span> <span class='ocrx_word' id='word_1_21' title='bbox 1190 754 1308 813; x_wconf 87' lang='lat' dir='ltr'>quoque</span> <span class='ocrx_word' id='word_1_22' title='bbox 1332 755 1401 796; x_wconf 88' lang='lat' dir='ltr'>cum</span> <span class='ocrx_word' id='word_1_23' title='bbox 1425 755 1461 796; x_wconf 90' lang='lat' dir='ltr'>eo</span> 
     </span>
     <span class='ocr_line' id='line_1_4' title="bbox 338 836 1459 922; baseline -0.002 -23"><span class='ocrx_word' id='word_1_24' title='bbox 338 842 404 922; x_wconf 91' lang='lat' dir='ltr'>ipso</span> <span class='ocrx_word' id='word_1_25' title='bbox 427 859 505 902; x_wconf 91' lang='lat' dir='ltr'>anno</span> <span class='ocrx_word' id='word_1_26' title='bbox 528 844 578 910; x_wconf 88' lang='grc'>69,</span> <span class='ocrx_word' id='word_1_27' title='bbox 603 857 662 918; x_wconf 92' lang='lat' dir='ltr'>quo</span> <span class='ocrx_word' id='word_1_28' title='bbox 684 839 721 899; x_wconf 90' lang='lat' dir='ltr'>de</span> <span class='ocrx_word' id='word_1_29' title='bbox 743 840 872 918; x_wconf 88' lang='lat' dir='ltr'>imperio</span> <span class='ocrx_word' id='word_1_30' title='bbox 894 838 1028 901; x_wconf 87' lang='lat' dir='ltr'>Romano</span> <span class='ocrx_word' id='word_1_31' title='bbox 1052 845 1204 900; x_wconf 90' lang='lat' dir='ltr'>certamen</span> <span class='ocrx_word' id='word_1_32' title='bbox 1225 839 1255 898; x_wconf 92' lang='lat' dir='ltr'>in</span> <span class='ocrx_word' id='word_1_33' title='bbox 1278 836 1360 898; x_wconf 90' lang='lat' dir='ltr'>ltalia</span> <span class='ocrx_word' id='word_1_34' title='bbox 1385 845 1459 907; x_wconf 90' lang='lat' dir='ltr'>erat,</span> 
     </span>
     <span class='ocr_line' id='line_1_5' title="bbox 340 939 1459 1011; baseline -0.004 -8"><span class='ocrx_word' id='word_1_35' title='bbox 340 942 432 1003; x_wconf 89' lang='lat' dir='ltr'>lulius</span> <span class='ocrx_word' id='word_1_36' title='bbox 455 941 553 1004; x_wconf 88' lang='lat' dir='ltr'>Civilis</span> <span class='ocrx_word' id='word_1_37' title='bbox 574 943 605 1002; x_wconf 90' lang='lat' dir='ltr'>in</span> <span class='ocrx_word' id='word_1_38' title='bbox 628 942 758 1011; x_wconf 88' lang='lat' dir='ltr'>Batavis,</span> <span class='ocrx_word' id='word_1_39' title='bbox 786 940 933 1003; x_wconf 85' lang='lat' dir='ltr'>Classicus</span> <span class='ocrx_word' id='word_1_40' title='bbox 962 947 992 1000; x_wconf 94' lang='lat' dir='ltr'>et</span> <span class='ocrx_word' id='word_1_41' title='bbox 1013 939 1105 1001; x_wconf 93' lang='lat' dir='ltr'>lulius</span> <span class='ocrx_word' id='word_1_42' title='bbox 1128 940 1221 1000; x_wconf 84' lang='lat' dir='ltr'><strong>Tutor</strong></span> <span class='ocrx_word' id='word_1_43' title='bbox 1249 941 1279 999; x_wconf 93' lang='lat' dir='ltr'>in</span> <span class='ocrx_word' id='word_1_44' title='bbox 1308 939 1459 1008; x_wconf 82' lang='lat' dir='ltr'>Treveris,</span> 
     </span>
     <span class='ocr_line' id='line_1_6' title="bbox 339 1040 1460 1121; baseline -0.004 -16"><span class='ocrx_word' id='word_1_45' title='bbox 339 1044 432 1106; x_wconf 89' lang='lat' dir='ltr'>lulius</span> <span class='ocrx_word' id='word_1_46' title='bbox 455 1042 584 1106; x_wconf 91' lang='lat' dir='ltr'>Sabinus</span> <span class='ocrx_word' id='word_1_47' title='bbox 605 1044 636 1104; x_wconf 90' lang='lat' dir='ltr'>in</span> <span class='ocrx_word' id='word_1_48' title='bbox 659 1041 841 1121; x_wconf 82' lang='lat' dir='ltr'>Lingonibus</span> <span class='ocrx_word' id='word_1_49' title='bbox 871 1048 973 1102; x_wconf 85' lang='lat' dir='ltr'>contra</span> <span class='ocrx_word' id='word_1_50' title='bbox 1002 1041 1212 1103; x_wconf 90' lang='lat' dir='ltr'>dominationis</span> <span class='ocrx_word' id='word_1_51' title='bbox 1234 1040 1386 1102; x_wconf 79' lang='lat' dir='ltr'><strong>Romanae</strong></span> <span class='ocrx_word' id='word_1_52' title='bbox 1412 1042 1460 1100; x_wconf 91' lang='lat' dir='ltr'>iu·</span> 
     </span>
     <span class='ocr_line' id='line_1_7' title="bbox 339 1141 1459 1224; baseline -0.005 -17"><span class='ocrx_word' id='word_1_53' title='bbox 339 1164 409 1224; x_wconf 89' lang='lat' dir='ltr'>gum</span> <span class='ocrx_word' id='word_1_54' title='bbox 430 1147 622 1206; x_wconf 89' lang='lat' dir='ltr'>coniurarent</span> <span class='ocrx_word' id='word_1_55' title='bbox 650 1151 680 1204; x_wconf 90' lang='lat' dir='ltr'>et</span> <span class='ocrx_word' id='word_1_56' title='bbox 708 1163 795 1206; x_wconf 93' lang='lat' dir='ltr'>omne</span> <span class='ocrx_word' id='word_1_57' title='bbox 824 1162 935 1204; x_wconf 89' lang='lat' dir='ltr'>nomen</span> <span class='ocrx_word' id='word_1_58' title='bbox 957 1141 1102 1204; x_wconf 89' lang='lat' dir='ltr'>Gallicum</span> <span class='ocrx_word' id='word_1_59' title='bbox 1125 1143 1161 1204; x_wconf 94' lang='lat' dir='ltr'>ad</span> <span class='ocrx_word' id='word_1_60' title='bbox 1184 1141 1378 1222; x_wconf 82' lang='lat' dir='ltr'>expellendos</span> <span class='ocrx_word' id='word_1_61' title='bbox 1398 1141 1459 1202; x_wconf 88' lang='lat' dir='ltr'>Ro-</span> 
     </span>
     <span class='ocr_line' id='line_1_8' title="bbox 339 1244 1460 1324; baseline -0.005 -16"><span class='ocrx_word' id='word_1_62' title='bbox 339 1265 443 1308; x_wconf 87' lang='lat' dir='ltr'>manos</span> <span class='ocrx_word' id='word_1_63' title='bbox 466 1253 496 1307; x_wconf 90' lang='lat' dir='ltr'>et</span> <span class='ocrx_word' id='word_1_64' title='bbox 518 1247 694 1323; x_wconf 88' lang='lat' dir='ltr'>erigendum</span> <span class='ocrx_word' id='word_1_65' title='bbox 717 1265 825 1308; x_wconf 89' lang='lat' dir='ltr'>novum</span> <span class='ocrx_word' id='word_1_66' title='bbox 843 1244 1003 1306; x_wconf 85' lang='lat' dir='ltr'>Galliarum</span> <span class='ocrx_word' id='word_1_67' title='bbox 1019 1247 1178 1324; x_wconf 89' lang='lat' dir='ltr'>imperium</span> <span class='ocrx_word' id='word_1_68' title='bbox 1201 1249 1375 1313; x_wconf 87' lang='lat' dir='ltr'>evocarent,</span> <span class='ocrx_word' id='word_1_69' title='bbox 1398 1262 1460 1303; x_wconf 93' lang='lat' dir='ltr'>non</span> 
     </span>
     <span class='ocr_line' id='line_1_9' title="bbox 339 1345 1460 1424; baseline -0.004 -15"><span class='ocrx_word' id='word_1_70' title='bbox 339 1349 494 1410; x_wconf 82' lang='lat' dir='ltr'>audientes</span> <span class='ocrx_word' id='word_1_71' title='bbox 515 1348 593 1408; x_wconf 91' lang='lat' dir='ltr'>dicto</span> <span class='ocrx_word' id='word_1_72' title='bbox 615 1350 737 1409; x_wconf 89' lang='lat' dir='ltr'>luerunt</span> <span class='ocrx_word' id='word_1_73' title='bbox 757 1345 947 1423; x_wconf 78' lang='lat' dir='ltr'>Allobroges,</span> <span class='ocrx_word' id='word_1_74' title='bbox 978 1366 1037 1408; x_wconf 92' lang='lat' dir='ltr'>non</span> <span class='ocrx_word' id='word_1_75' title='bbox 1066 1348 1122 1407; x_wconf 90' lang='lat' dir='ltr'>luit</span> <span class='ocrx_word' id='word_1_76' title='bbox 1146 1349 1284 1408; x_wconf 79' lang='lat' dir='ltr'>universa</span> <span class='ocrx_word' id='word_1_77' title='bbox 1306 1346 1460 1424; x_wconf 85' lang='lat' dir='ltr'>provincia</span> 
     </span>
     <span class='ocr_line' id='line_1_10' title="bbox 339 1446 1460 1528; baseline -0.004 -18"><span class='ocrx_word' id='word_1_78' title='bbox 339 1448 554 1518; x_wconf 90' lang='lat' dir='ltr'>meridionalis,</span> <span class='ocrx_word' id='word_1_79' title='bbox 588 1457 621 1510; x_wconf 90' lang='lat' dir='ltr'>ut</span> <span class='ocrx_word' id='word_1_80' title='bbox 648 1468 724 1528; x_wconf 89' lang='lat' dir='ltr'>quae</span> <span class='ocrx_word' id='word_1_81' title='bbox 747 1447 830 1509; x_wconf 90' lang='lat' dir='ltr'>ltalia</span> <span class='ocrx_word' id='word_1_82' title='bbox 859 1449 918 1508; x_wconf 88' lang='lat' dir='ltr'>iam</span> <span class='ocrx_word' id='word_1_83' title='bbox 941 1449 1040 1510; x_wconf 91' lang='lat' dir='ltr'>verius</span> <span class='ocrx_word' id='word_1_84' title='bbox 1063 1456 1142 1509; x_wconf 90' lang='lat' dir='ltr'>esset</span> <span class='ocrx_word' id='word_1_85' title='bbox 1161 1467 1249 1528; x_wconf 87' lang='lat' dir='ltr'>quam</span> <span class='ocrx_word' id='word_1_86' title='bbox 1273 1446 1382 1514; x_wconf 89' lang='lat' dir='ltr'>Gallia;</span> <span class='ocrx_word' id='word_1_87' title='bbox 1414 1454 1460 1507; x_wconf 87' lang='lat' dir='ltr'>at·</span> 
     </span>
     <span class='ocr_line' id='line_1_11' title="bbox 340 1550 1459 1629; baseline -0.004 -17"><span class='ocrx_word' id='word_1_88' title='bbox 340 1568 398 1629; x_wconf 87' lang='lat' dir='ltr'>que</span> <span class='ocrx_word' id='word_1_89' title='bbox 420 1551 722 1612; x_wconf 63' lang='lat' dir='ltr'>Valerius‘dsiaticus</span> <span class='ocrx_word' id='word_1_90' title='bbox 745 1558 775 1610; x_wconf 90' lang='lat' dir='ltr'>et</span> <span class='ocrx_word' id='word_1_91' title='bbox 795 1550 955 1629; x_wconf 87' lang='lat' dir='ltr'>Pompeius</span> <span class='ocrx_word' id='word_1_92' title='bbox 978 1552 1123 1629; x_wconf 84' lang='lat' dir='ltr'>Vopiscus</span> <span class='ocrx_word' id='word_1_93' title='bbox 1141 1550 1326 1610; x_wconf 89' lang='lat' dir='ltr'>Viennenses</span> <span class='ocrx_word' id='word_1_94' title='bbox 1348 1567 1459 1609; x_wconf 90' lang='lat' dir='ltr'>consu-</span> 
     </span>
     <span class='ocr_line' id='line_1_12' title="bbox 339 1647 1460 1728; baseline 0 -16"><span class='ocrx_word' id='word_1_95' title='bbox 339 1653 383 1712; x_wconf 92' lang='lat' dir='ltr'>les</span> <span class='ocrx_word' id='word_1_96' title='bbox 405 1648 588 1728; x_wconf 79' lang='lat' dir='ltr'>Romani²⁹),</span> <span class='ocrx_word' id='word_1_97' title='bbox 612 1653 757 1713; x_wconf 79' lang='lat' dir='ltr'>Antonius</span> <span class='ocrx_word' id='word_1_98' title='bbox 779 1651 898 1712; x_wconf 84' lang='lat' dir='ltr'>Primus</span> <span class='ocrx_word' id='word_1_99' title='bbox 920 1652 1034 1716; x_wconf 86' lang='lat' dir='ltr'>Beccus</span> <span class='ocrx_word' id='word_1_100' title='bbox 1057 1647 1281 1728; x_wconf 74' lang='lat' dir='ltr'>Tolosanus30),</span> <span class='ocrx_word' id='word_1_101' title='bbox 1307 1652 1358 1728; x_wconf 88' lang='lat' dir='ltr'>qui</span> <span class='ocrx_word' id='word_1_102' title='bbox 1379 1652 1460 1712; x_wconf 85' lang='lat' dir='ltr'>inter</span> 
     </span>
     <span class='ocr_line' id='line_1_13' title="bbox 339 1751 1460 1833; baseline 0.001 -21"><span class='ocrx_word' id='word_1_103' title='bbox 339 1751 409 1813; x_wconf 89' lang='lat' dir='ltr'>belli</span> <span class='ocrx_word' id='word_1_104' title='bbox 437 1752 541 1814; x_wconf 91' lang='lat' dir='ltr'>turbas</span> <span class='ocrx_word' id='word_1_105' title='bbox 568 1754 750 1815; x_wconf 87' lang='lat' dir='ltr'>senatorium</span> <span class='ocrx_word' id='word_1_106' title='bbox 779 1753 914 1814; x_wconf 82' lang='lat' dir='ltr'>ordinem</span> <span class='ocrx_word' id='word_1_107' title='bbox 943 1759 1187 1833; x_wconf 88' lang='lat' dir='ltr'>recuperaverat,</span> <span class='ocrx_word' id='word_1_108' title='bbox 1217 1753 1366 1814; x_wconf 90' lang='lat' dir='ltr'>Domitius</span> <span class='ocrx_word' id='word_1_109' title='bbox 1387 1754 1460 1814; x_wconf 81' lang='lat' dir='ltr'>Aier</span> 
     </span>
     <span class='ocr_line' id='line_1_14' title="bbox 339 1846 1460 1931; baseline -0.001 -16"><span class='ocrx_word' id='word_1_110' title='bbox 339 1855 551 1917; x_wconf 90' lang='lat' dir='ltr'>Nemausensis</span> <span class='ocrx_word' id='word_1_111' title='bbox 580 1873 596 1914; x_wconf 95' lang='lat' dir='ltr'>e</span> <span class='ocrx_word' id='word_1_112' title='bbox 625 1846 830 1916; x_wconf 85' lang='lat' dir='ltr'>celeberrimis</span> <span class='ocrx_word' id='word_1_113' title='bbox 857 1873 927 1915; x_wconf 91' lang='lat' dir='ltr'>suae</span> <span class='ocrx_word' id='word_1_114' title='bbox 963 1856 1066 1915; x_wconf 90' lang='lat' dir='ltr'>aetatis</span> <span class='ocrx_word' id='word_1_115' title='bbox 1099 1851 1328 1931; x_wconf 79' lang='lat' dir='ltr'>oratoribus³¹),</span> <span class='ocrx_word' id='word_1_116' title='bbox 1363 1853 1460 1916; x_wconf 86' lang='lat' dir='ltr'>Varro</span> 
     </span>
     <span class='ocr_line' id='line_1_15' title="bbox 339 1951 1460 2037; baseline -0.003 -18"><span class='ocrx_word' id='word_1_117' title='bbox 339 1958 479 2019; x_wconf 76' lang='lat' dir='ltr'>Atacinus</span> <span class='ocrx_word' id='word_1_118' title='bbox 500 1951 763 2034; x_wconf 63' lang='lat' dir='ltr'>NarbonensisV),</span> <span class='ocrx_word' id='word_1_119' title='bbox 785 1956 945 2037; x_wconf 90' lang='lat' dir='ltr'>Pompeius</span> <span class='ocrx_word' id='word_1_120' title='bbox 968 1957 1084 2034; x_wconf 90' lang='lat' dir='ltr'>Trogus</span> <span class='ocrx_word' id='word_1_121' title='bbox 1106 1952 1325 2034; x_wconf 67' lang='lat' dir='ltr'>VocontiusV),</span> <span class='ocrx_word' id='word_1_122' title='bbox 1353 1973 1460 2016; x_wconf 89' lang='lat' dir='ltr'>rerum</span> 
     </span>
     <span class='ocr_line' id='line_1_16' title="bbox 337 2047 1459 2138; baseline -0.001 -21"><span class='ocrx_word' id='word_1_123' title='bbox 337 2065 489 2136; x_wconf 89' lang='lat' dir='ltr'>gestarum</span> <span class='ocrx_word' id='word_1_124' title='bbox 513 2057 561 2118; x_wconf 89' lang='lat' dir='ltr'>hic</span> <span class='ocrx_word' id='word_1_125' title='bbox 583 2060 727 2137; x_wconf 86' lang='lat' dir='ltr'>scriptor,</span> <span class='ocrx_word' id='word_1_126' title='bbox 750 2057 799 2118; x_wconf 93' lang='lat' dir='ltr'>ille</span> <span class='ocrx_word' id='word_1_127' title='bbox 821 2064 924 2138; x_wconf 79' lang='lat' dir='ltr'>poeta,</span> <span class='ocrx_word' id='word_1_128' title='bbox 953 2058 1108 2136; x_wconf 81' lang='lat' dir='ltr'>indigenae</span> <span class='ocrx_word' id='word_1_129' title='bbox 1137 2047 1243 2118; x_wconf 84' lang='lat' dir='ltr'>omnes</span> <span class='ocrx_word' id='word_1_130' title='bbox 1267 2059 1344 2118; x_wconf 89' lang='lat' dir='ltr'>viam</span> <span class='ocrx_word' id='word_1_131' title='bbox 1372 2076 1459 2117; x_wconf 92' lang='lat' dir='ltr'>mon-</span> 
     </span>
     <span class='ocr_line' id='line_1_17' title="bbox 339 2158 1457 2239; baseline 0 -20"><span class='ocrx_word' id='word_1_132' title='bbox 339 2158 472 2220; x_wconf 88' lang='lat' dir='ltr'>strabant</span> <span class='ocrx_word' id='word_1_133' title='bbox 493 2160 705 2239; x_wconf 78' lang='lat' dir='ltr'>municipibus,</span> <span class='ocrx_word' id='word_1_134' title='bbox 726 2177 783 2237; x_wconf 91' lang='lat' dir='ltr'>qua</span> <span class='ocrx_word' id='word_1_135' title='bbox 806 2160 842 2220; x_wconf 91' lang='lat' dir='ltr'>ad</span> <span class='ocrx_word' id='word_1_136' title='bbox 865 2178 998 2222; x_wconf 88' lang='lat' dir='ltr'>summos</span> <span class='ocrx_word' id='word_1_137' title='bbox 1019 2160 1148 2222; x_wconf 90' lang='lat' dir='ltr'>honores</span> <span class='ocrx_word' id='word_1_138' title='bbox 1163 2160 1288 2220; x_wconf 90' lang='lat' dir='ltr'>duceret</span> <span class='ocrx_word' id='word_1_139' title='bbox 1308 2159 1382 2219; x_wconf 87' lang='lat' dir='ltr'>fides</span> <span class='ocrx_word' id='word_1_140' title='bbox 1396 2159 1457 2220; x_wconf 89' lang='lat' dir='ltr'>Ro·</span> 
     </span>
     <span class='ocr_line' id='line_1_18' title="bbox 338 2243 1187 2342; baseline -0.001 -20"><span class='ocrx_word' id='word_1_141' title='bbox 338 2280 426 2324; x_wconf 90' lang='lat' dir='ltr'>mano</span> <span class='ocrx_word' id='word_1_142' title='bbox 448 2264 574 2342; x_wconf 90' lang='lat' dir='ltr'>imperio</span> <span class='ocrx_word' id='word_1_143' title='bbox 598 2268 720 2322; x_wconf 85' lang='lat' dir='ltr'>servata.</span> <span class='ocrx_word' id='word_1_144' title='bbox 1180 2243 1187 2258; x_wconf 74' lang='grc'><strong>’</strong></span> 
     </span>
    </p>

    <p class='ocr_par' dir='ltr' id='par_1_3' title="bbox 339 2362 1461 2646">
     <span class='ocr_line' id='line_1_19' title="bbox 423 2362 1460 2443; baseline 0 -19"><span class='ocrx_word' id='word_1_145' title='bbox 423 2365 484 2424; x_wconf 90' lang='lat' dir='ltr'>lam</span> <span class='ocrx_word' id='word_1_146' title='bbox 507 2381 576 2423; x_wconf 87' lang='lat' dir='ltr'>vero</span> <span class='ocrx_word' id='word_1_147' title='bbox 600 2381 636 2422; x_wconf 84' lang='lat' dir='ltr'>ex</span> <span class='ocrx_word' id='word_1_148' title='bbox 659 2362 830 2442; x_wconf 87' lang='lat' dir='ltr'>Vespasiani</span> <span class='ocrx_word' id='word_1_149' title='bbox 857 2363 927 2424; x_wconf 87' lang='lat' dir='ltr'>inde</span> <span class='ocrx_word' id='word_1_150' title='bbox 955 2370 1051 2425; x_wconf 87' lang='lat' dir='ltr'>aetate</span> <span class='ocrx_word' id='word_1_151' title='bbox 1082 2381 1149 2425; x_wconf 91' lang='lat' dir='ltr'>eum</span> <span class='ocrx_word' id='word_1_152' title='bbox 1172 2382 1227 2443; x_wconf 89' lang='lat' dir='ltr'>per</span> <span class='ocrx_word' id='word_1_153' title='bbox 1250 2370 1371 2424; x_wconf 92' lang='lat' dir='ltr'>centum</span> <span class='ocrx_word' id='word_1_154' title='bbox 1394 2363 1460 2424; x_wconf 86' lang='lat' dir='ltr'>lere</span> 
     </span>
     <span class='ocr_line' id='line_1_20' title="bbox 340 2464 1459 2545; baseline 0.002 -21"><span class='ocrx_word' id='word_1_155' title='bbox 340 2471 369 2524; x_wconf 92' lang='lat' dir='ltr'>et</span> <span class='ocrx_word' id='word_1_156' title='bbox 399 2466 612 2542; x_wconf 83' lang='lat' dir='ltr'>quinquaginta</span> <span class='ocrx_word' id='word_1_157' title='bbox 642 2481 736 2525; x_wconf 90' lang='lat' dir='ltr'>annos</span> <span class='ocrx_word' id='word_1_158' title='bbox 763 2465 845 2524; x_wconf 90' lang='lat' dir='ltr'>nullo</span> <span class='ocrx_word' id='word_1_159' title='bbox 874 2464 963 2526; x_wconf 92' lang='lat' dir='ltr'>modo</span> <span class='ocrx_word' id='word_1_160' title='bbox 989 2466 1158 2545; x_wconf 89' lang='lat' dir='ltr'>provinciae</span> <span class='ocrx_word' id='word_1_161' title='bbox 1186 2482 1244 2544; x_wconf 84' lang='lat' dir='ltr'>pax</span> <span class='ocrx_word' id='word_1_162' title='bbox 1273 2464 1459 2534; x_wconf 85' lang='lat' dir='ltr'>turbaretur,</span> 
     </span>
     <span class='ocr_line' id='line_1_21' title="bbox 339 2565 1461 2646; baseline 0.001 -20"><span class='ocrx_word' id='word_1_163' title='bbox 339 2565 434 2626; x_wconf 89' lang='lat' dir='ltr'>altum</span> <span class='ocrx_word' id='word_1_164' title='bbox 453 2565 490 2625; x_wconf 91' lang='lat' dir='ltr'>de</span> <span class='ocrx_word' id='word_1_165' title='bbox 511 2566 663 2644; x_wconf 86' lang='lat' dir='ltr'>provincia</span> <span class='ocrx_word' id='word_1_166' title='bbox 684 2572 787 2626; x_wconf 89' lang='lat' dir='ltr'>nostra</span> <span class='ocrx_word' id='word_1_167' title='bbox 810 2565 959 2627; x_wconf 91' lang='lat' dir='ltr'>silentium</span> <span class='ocrx_word' id='word_1_168' title='bbox 984 2585 1049 2628; x_wconf 88' lang='lat' dir='ltr'>esse</span> <span class='ocrx_word' id='word_1_169' title='bbox 1072 2567 1170 2646; x_wconf 89' lang='lat' dir='ltr'>coepit</span> <span class='ocrx_word' id='word_1_170' title='bbox 1192 2566 1271 2646; x_wconf 90' lang='lat' dir='ltr'>apud</span> <span class='ocrx_word' id='word_1_171' title='bbox 1292 2568 1461 2646; x_wconf 85' lang='lat' dir='ltr'>scriptores</span> 
     </span>
    </p>
   </div>
   <div class='ocr_carea' id='block_1_3' title="bbox 338 2666 1461 2952">
    <p class='ocr_par' dir='ltr' id='par_1_4' title="bbox 338 2666 1461 2952">
     <span class='ocr_line' id='line_1_22' title="bbox 338 2666 1460 2748; baseline 0.001 -22"><span class='ocrx_word' id='word_1_172' title='bbox 338 2673 464 2728; x_wconf 88' lang='lat' dir='ltr'>veteres.</span> <span class='ocrx_word' id='word_1_173' title='bbox 509 2666 649 2744; x_wconf 86' lang='lat' dir='ltr'>Legimus</span> <span class='ocrx_word' id='word_1_174' title='bbox 672 2667 806 2744; x_wconf 89' lang='lat' dir='ltr'>quidem,</span> <span class='ocrx_word' id='word_1_175' title='bbox 835 2667 1016 2728; x_wconf 89' lang='lat' dir='ltr'>Hadrianum</span> <span class='ocrx_word' id='word_1_176' title='bbox 1045 2687 1112 2728; x_wconf 91' lang='lat' dir='ltr'>cum</span> <span class='ocrx_word' id='word_1_177' title='bbox 1135 2685 1190 2748; x_wconf 90' lang='lat' dir='ltr'>per</span> <span class='ocrx_word' id='word_1_178' title='bbox 1213 2686 1318 2728; x_wconf 88' lang='lat' dir='ltr'>omnes</span> <span class='ocrx_word' id='word_1_179' title='bbox 1338 2669 1460 2746; x_wconf 90' lang='lat' dir='ltr'>imperii</span> 
     </span>
     <span class='ocr_line' id='line_1_23' title="bbox 338 2767 1460 2847; baseline 0 -19"><span class='ocrx_word' id='word_1_180' title='bbox 338 2768 462 2829; x_wconf 87' lang='lat' dir='ltr'>Romani</span> <span class='ocrx_word' id='word_1_181' title='bbox 482 2771 650 2847; x_wconf 89' lang='lat' dir='ltr'>provincias</span> <span class='ocrx_word' id='word_1_182' title='bbox 672 2771 829 2846; x_wconf 83' lang='lat' dir='ltr'>migraret,</span> <span class='ocrx_word' id='word_1_183' title='bbox 857 2770 889 2828; x_wconf 89' lang='lat' dir='ltr'>in</span> <span class='ocrx_word' id='word_1_184' title='bbox 912 2767 1004 2830; x_wconf 91' lang='lat' dir='ltr'>Gallia</span> <span class='ocrx_word' id='word_1_185' title='bbox 1026 2786 1145 2846; x_wconf 84' lang='lat' dir='ltr'>quoque</span> <span class='ocrx_word' id='word_1_186' title='bbox 1167 2767 1286 2847; x_wconf 89' lang='lat' dir='ltr'>longius</span> <span class='ocrx_word' id='word_1_187' title='bbox 1307 2776 1460 2830; x_wconf 87' lang='lat' dir='ltr'>moratum</span> 
     </span>
     <span class='ocr_line' id='line_1_24' title="bbox 338 2869 1461 2952; baseline -0.001 -22"><span class='ocrx_word' id='word_1_188' title='bbox 338 2889 403 2931; x_wconf 91' lang='lat' dir='ltr'>esse</span> <span class='ocrx_word' id='word_1_189' title='bbox 426 2878 456 2931; x_wconf 90' lang='lat' dir='ltr'>et</span> <span class='ocrx_word' id='word_1_190' title='bbox 477 2871 617 2931; x_wconf 90' lang='lat' dir='ltr'>Nemausi</span> <span class='ocrx_word' id='word_1_191' title='bbox 644 2869 843 2932; x_wconf 90' lang='lat' dir='ltr'>inhonorem</span> <span class='ocrx_word' id='word_1_192' title='bbox 866 2870 998 2930; x_wconf 87' lang='lat' dir='ltr'>Plotinae</span> <span class='ocrx_word' id='word_1_193' title='bbox 1027 2871 1177 2932; x_wconf 89' lang='lat' dir='ltr'>basilicam</span> <span class='ocrx_word' id='word_1_194' title='bbox 1208 2890 1301 2952; x_wconf 91' lang='lat' dir='ltr'>opere</span> <span class='ocrx_word' id='word_1_195' title='bbox 1329 2869 1461 2932; x_wconf 89' lang='lat' dir='ltr'>mirabili</span> 
     </span>
    </p>
   </div>
   <div class='ocr_carea' id='block_1_4' title="bbox 300 3139 1467 4474">
    <p class='ocr_par' dir='ltr' id='par_1_5' title="bbox 300 3139 787 3202">
     <span class='ocr_line' id='line_1_25' title="bbox 300 3139 787 3202; baseline 0.006 -16"><span class='ocrx_word' id='word_1_196' title='bbox 300 3181 302 3186; x_wconf 93' lang='lat'><em>.</em></span> <span class='ocrx_word' id='word_1_197' title='bbox 404 3139 448 3202; x_wconf 84' lang='grc'>28)</span> <span class='ocrx_word' id='word_1_198' title='bbox 467 3141 533 3190; x_wconf 88' lang='lat' dir='ltr'>Tac.</span> <span class='ocrx_word' id='word_1_199' title='bbox 554 3154 618 3193; x_wconf 83' lang='lat' dir='ltr'>ann.</span> <span class='ocrx_word' id='word_1_200' title='bbox 636 3143 660 3195; x_wconf 81' lang='grc'>3,</span> <span class='ocrx_word' id='word_1_201' title='bbox 678 3141 787 3190; x_wconf 84' lang='grc'>40-46.</span> 
     </span>
    </p>

    <p class='ocr_par' dir='ltr' id='par_1_6' title="bbox 338 3224 1460 3373">
     <span class='ocr_line' id='line_1_26' title="bbox 404 3224 1460 3291; baseline 0.003 -18"><span class='ocrx_word' id='word_1_202' title='bbox 404 3224 448 3286; x_wconf 86' lang='grc'>29)</span> <span class='ocrx_word' id='word_1_203' title='bbox 466 3224 594 3274; x_wconf 82' lang='lat' dir='ltr'>Valerius</span> <span class='ocrx_word' id='word_1_204' title='bbox 612 3224 752 3274; x_wconf 87' lang='lat' dir='ltr'>Asiaticus</span> <span class='ocrx_word' id='word_1_205' title='bbox 776 3239 831 3275; x_wconf 86' lang='lat' dir='ltr'>cos.</span> <span class='ocrx_word' id='word_1_206' title='bbox 850 3225 887 3277; x_wconf 90' lang='lat'>11.</span> <span class='ocrx_word' id='word_1_207' title='bbox 910 3224 964 3274; x_wconf 81' lang='lat' dir='ltr'>ruit</span> <span class='ocrx_word' id='word_1_208' title='bbox 983 3241 1008 3276; x_wconf 82' lang='lat' dir='ltr'>a.</span> <span class='ocrx_word' id='word_1_209' title='bbox 1028 3241 1054 3291; x_wconf 89' lang='lat' dir='ltr'>p.</span> <span class='ocrx_word' id='word_1_210' title='bbox 1074 3225 1123 3276; x_wconf 84' lang='lat' dir='ltr'>Ch.</span> <span class='ocrx_word' id='word_1_211' title='bbox 1141 3227 1187 3288; x_wconf 78' lang='lat'>463</span> <span class='ocrx_word' id='word_1_212' title='bbox 1213 3225 1246 3274; x_wconf 88' lang='lat' dir='ltr'>de</span> <span class='ocrx_word' id='word_1_213' title='bbox 1265 3225 1385 3290; x_wconf 87' lang='lat' dir='ltr'>Vopisoo</span> <span class='ocrx_word' id='word_1_214' title='bbox 1407 3225 1460 3276; x_wconf 86' lang='lat' dir='ltr'>cfr.</span> 
     </span>
     <span class='ocr_line' id='line_1_27' title="bbox 338 3309 555 3373; baseline 0.005 -15"><span class='ocrx_word' id='word_1_215' title='bbox 338 3324 420 3373; x_wconf 88' lang='lat' dir='ltr'>supra</span> <span class='ocrx_word' id='word_1_216' title='bbox 437 3312 494 3360; x_wconf 86' lang='lat' dir='ltr'>noi.</span> <span class='ocrx_word' id='word_1_217' title='bbox 513 3309 555 3359; x_wconf 79' lang='grc'>25.</span> 
     </span>
    </p>

    <p class='ocr_par' dir='ltr' id='par_1_7' title="bbox 405 3391 964 3456">
     <span class='ocr_line' id='line_1_28' title="bbox 405 3391 964 3456; baseline 0 -14"><span class='ocrx_word' id='word_1_218' title='bbox 405 3391 449 3456; x_wconf 84' lang='grc'>30)</span> <span class='ocrx_word' id='word_1_219' title='bbox 467 3393 534 3442; x_wconf 87' lang='lat' dir='ltr'>Tac.</span> <span class='ocrx_word' id='word_1_220' title='bbox 553 3391 618 3442; x_wconf 86' lang='lat' dir='ltr'>bisi.</span> <span class='ocrx_word' id='word_1_221' title='bbox 633 3396 656 3451; x_wconf 85' lang='grc'>2,</span> <span class='ocrx_word' id='word_1_222' title='bbox 675 3395 716 3444; x_wconf 90' lang='grc'>86.</span> <span class='ocrx_word' id='word_1_223' title='bbox 754 3392 828 3444; x_wconf 85' lang='lat' dir='ltr'>Suet.</span> <span class='ocrx_word' id='word_1_224' title='bbox 848 3393 903 3442; x_wconf 90' lang='lat' dir='ltr'>Vit.</span> <span class='ocrx_word' id='word_1_225' title='bbox 923 3393 964 3444; x_wconf 81' lang='lat'>18.</span> 
     </span>
    </p>

    <p class='ocr_par' dir='ltr' id='par_1_8' title="bbox 338 3473 1462 3624">
     <span class='ocr_line' id='line_1_29' title="bbox 405 3473 1462 3543; baseline 0.004 -17"><span class='ocrx_word' id='word_1_226' title='bbox 405 3473 449 3542; x_wconf 88' lang='grc'>31)</span> <span class='ocrx_word' id='word_1_227' title='bbox 468 3475 531 3528; x_wconf 82' lang='lat' dir='ltr'>Cos.</span> <span class='ocrx_word' id='word_1_228' title='bbox 555 3478 609 3527; x_wconf 87' lang='lat' dir='ltr'>fuit</span> <span class='ocrx_word' id='word_1_229' title='bbox 631 3495 656 3527; x_wconf 83' lang='lat' dir='ltr'>a.</span> <span class='ocrx_word' id='word_1_230' title='bbox 676 3494 702 3543; x_wconf 89' lang='lat' dir='ltr'>p.</span> <span class='ocrx_word' id='word_1_231' title='bbox 722 3476 772 3526; x_wconf 84' lang='lat' dir='ltr'>ch.</span> <span class='ocrx_word' id='word_1_232' title='bbox 790 3479 835 3537; x_wconf 81' lang='lat'>39,</span> <span class='ocrx_word' id='word_1_233' title='bbox 859 3482 980 3528; x_wconf 89' lang='lat' dir='ltr'>mortuus</span> <span class='ocrx_word' id='word_1_234' title='bbox 1003 3483 1045 3530; x_wconf 87' lang='lat' dir='ltr'>est</span> <span class='ocrx_word' id='word_1_235' title='bbox 1067 3496 1091 3528; x_wconf 83' lang='lat' dir='ltr'>a.</span> <span class='ocrx_word' id='word_1_236' title='bbox 1109 3481 1151 3531; x_wconf 81' lang='lat'>59.</span> <span class='ocrx_word' id='word_1_237' title='bbox 1182 3480 1232 3532; x_wconf 87' lang='lat' dir='ltr'>cfr.</span> <span class='ocrx_word' id='word_1_238' title='bbox 1251 3479 1318 3530; x_wconf 82' lang='lat' dir='ltr'>Tse.</span> <span class='ocrx_word' id='word_1_239' title='bbox 1337 3478 1406 3532; x_wconf 82' lang='lat' dir='ltr'>dial.</span> <span class='ocrx_word' id='word_1_240' title='bbox 1428 3483 1462 3530; x_wconf 88' lang='lat'>13</span> 
     </span>
     <span class='ocr_line' id='line_1_30' title="bbox 338 3561 733 3624; baseline 0.01 -16"><span class='ocrx_word' id='word_1_241' title='bbox 338 3561 412 3611; x_wconf 83' lang='lat'>—15.</span> <span class='ocrx_word' id='word_1_242' title='bbox 442 3575 505 3613; x_wconf 90' lang='lat' dir='ltr'>ann.</span> <span class='ocrx_word' id='word_1_243' title='bbox 524 3563 549 3624; x_wconf 84' lang='lat'>4,</span> <span class='ocrx_word' id='word_1_244' title='bbox 569 3562 609 3613; x_wconf 81' lang='grc'>52.</span> <span class='ocrx_word' id='word_1_245' title='bbox 628 3563 661 3612; x_wconf 89' lang='grc'>66</span> <span class='ocrx_word' id='word_1_246' title='bbox 681 3566 733 3612; x_wconf 86' lang='lat' dir='ltr'>etc.</span> 
     </span>
    </p>

    <p class='ocr_par' dir='ltr' id='par_1_9' title="bbox 337 3643 1463 3796">
     <span class='ocr_line' id='line_1_31' title="bbox 405 3643 1463 3713; baseline 0.004 -19"><span class='ocrx_word' id='word_1_247' title='bbox 405 3643 448 3708; x_wconf 86' lang='grc'>32)</span> <span class='ocrx_word' id='word_1_248' title='bbox 468 3645 543 3695; x_wconf 82' lang='lat' dir='ltr'>Vixit</span> <span class='ocrx_word' id='word_1_249' title='bbox 560 3645 648 3697; x_wconf 79' lang='lat' dir='ltr'>Varro</span> <span class='ocrx_word' id='word_1_250' title='bbox 661 3648 762 3698; x_wconf 83' lang='grc'>82-36</span> <span class='ocrx_word' id='word_1_251' title='bbox 775 3662 800 3696; x_wconf 84' lang='lat' dir='ltr'>a.</span> <span class='ocrx_word' id='word_1_252' title='bbox 814 3647 864 3697; x_wconf 84' lang='lat' dir='ltr'>Ch.</span> <span class='ocrx_word' id='word_1_253' title='bbox 895 3647 944 3697; x_wconf 87' lang='lat' dir='ltr'>cfr.</span> <span class='ocrx_word' id='word_1_254' title='bbox 957 3649 1101 3713; x_wconf 89' lang='lat' dir='ltr'>Wiillmer,</span> <span class='ocrx_word' id='word_1_255' title='bbox 1121 3648 1225 3702; x_wconf 81' lang='lat' dir='ltr'>Comm.</span> <span class='ocrx_word' id='word_1_256' title='bbox 1238 3648 1272 3699; x_wconf 88' lang='lat' dir='ltr'>de</span> <span class='ocrx_word' id='word_1_257' title='bbox 1284 3649 1315 3699; x_wconf 93' lang='lat' dir='ltr'>P.</span> <span class='ocrx_word' id='word_1_258' title='bbox 1329 3649 1463 3698; x_wconf 86' lang='lat' dir='ltr'>Terentii</span> 
     </span>
     <span class='ocr_line' id='line_1_32' title="bbox 337 3729 1102 3796; baseline 0 -16"><span class='ocrx_word' id='word_1_259' title='bbox 337 3729 469 3780; x_wconf 77' lang='lat' dir='ltr'>Varronis</span> <span class='ocrx_word' id='word_1_260' title='bbox 487 3729 599 3780; x_wconf 85' lang='lat' dir='ltr'>Atacini</span> <span class='ocrx_word' id='word_1_261' title='bbox 615 3733 676 3781; x_wconf 82' lang='lat' dir='ltr'>vita</span> <span class='ocrx_word' id='word_1_262' title='bbox 694 3735 722 3780; x_wconf 87' lang='lat' dir='ltr'>st</span> <span class='ocrx_word' id='word_1_263' title='bbox 740 3731 861 3796; x_wconf 86' lang='lat' dir='ltr'>scriptis.</span> <span class='ocrx_word' id='word_1_264' title='bbox 891 3733 1009 3786; x_wconf 86' lang='lat' dir='ltr'>Monast.</span> <span class='ocrx_word' id='word_1_265' title='bbox 1029 3734 1102 3784; x_wconf 85' lang='lat'>1830.</span> 
     </span>
    </p>

    <p class='ocr_par' dir='ltr' id='par_1_10' title="bbox 336 3811 1467 4474">
     <span class='ocr_line' id='line_1_33' title="bbox 404 3811 1465 3883; baseline 0.006 -19"><span class='ocrx_word' id='word_1_266' title='bbox 404 3811 449 3878; x_wconf 82' lang='lat'>33)</span> <span class='ocrx_word' id='word_1_267' title='bbox 467 3813 566 3864; x_wconf 77' lang='lat' dir='ltr'>lustin.</span> <span class='ocrx_word' id='word_1_268' title='bbox 584 3816 625 3874; x_wconf 80' lang='lat'>43,</span> <span class='ocrx_word' id='word_1_269' title='bbox 639 3817 668 3865; x_wconf 83' lang='lat'>5:</span> <span class='ocrx_word' id='word_1_270' title='bbox 688 3815 720 3865; x_wconf 87' lang='lat' dir='ltr'>Iu</span> <span class='ocrx_word' id='word_1_271' title='bbox 732 3823 861 3880; x_wconf 88' lang='lat' dir='ltr'>postremo</span> <span class='ocrx_word' id='word_1_272' title='bbox 879 3817 943 3868; x_wconf 85' lang='lat' dir='ltr'>libro</span> <span class='ocrx_word' id='word_1_273' title='bbox 963 3817 1062 3883; x_wconf 77' lang='lat' dir='ltr'>Trogus</span> <span class='ocrx_word' id='word_1_274' title='bbox 1083 3821 1192 3869; x_wconf 84' lang='lat' dir='ltr'>maiores</span> <span class='ocrx_word' id='word_1_275' title='bbox 1208 3835 1269 3869; x_wconf 84' lang='lat' dir='ltr'>suos</span> <span class='ocrx_word' id='word_1_276' title='bbox 1284 3835 1302 3868; x_wconf 86' lang='lat' dir='ltr'>a</span> <span class='ocrx_word' id='word_1_277' title='bbox 1323 3818 1465 3870; x_wconf 80' lang='lat' dir='ltr'>Vocontiis</span> 
     </span>
     <span class='ocr_line' id='line_1_34' title="bbox 337 3899 1465 3966; baseline 0.006 -19"><span class='ocrx_word' id='word_1_278' title='bbox 337 3899 457 3961; x_wconf 76' lang='lat' dir='ltr'>originem</span> <span class='ocrx_word' id='word_1_279' title='bbox 471 3899 579 3957; x_wconf 85' lang='lat' dir='ltr'>ducere,</span> <span class='ocrx_word' id='word_1_280' title='bbox 597 3915 667 3948; x_wconf 84' lang='lat' dir='ltr'>auum</span> <span class='ocrx_word' id='word_1_281' title='bbox 684 3915 753 3949; x_wconf 80' lang='lat' dir='ltr'>ercam</span> <span class='ocrx_word' id='word_1_282' title='bbox 769 3900 878 3966; x_wconf 76' lang='lat' dir='ltr'>Trogum</span> <span class='ocrx_word' id='word_1_283' title='bbox 891 3903 1035 3966; x_wconf 83' lang='lat' dir='ltr'>Pompeium</span> <span class='ocrx_word' id='word_1_284' title='bbox 1048 3901 1203 3954; x_wconf 84' lang='lat' dir='ltr'>Sertoriano</span> <span class='ocrx_word' id='word_1_285' title='bbox 1220 3904 1284 3954; x_wconf 84' lang='lat' dir='ltr'>bello</span> <span class='ocrx_word' id='word_1_286' title='bbox 1297 3905 1426 3953; x_wconf 82' lang='lat' dir='ltr'>civitatem</span> <span class='ocrx_word' id='word_1_287' title='bbox 1444 3921 1465 3954; x_wconf 87' lang='lat' dir='ltr'>a</span> 
     </span>
     <span class='ocr_line' id='line_1_35' title="bbox 338 3981 1465 4052; baseline 0.005 -20"><span class='ocrx_word' id='word_1_288' title='bbox 338 3981 382 4034; x_wconf 81' lang='lat' dir='ltr'>Cu.</span> <span class='ocrx_word' id='word_1_289' title='bbox 396 3984 517 4047; x_wconf 79' lang='lat' dir='ltr'>Pourpeio</span> <span class='ocrx_word' id='word_1_290' title='bbox 527 3985 676 4048; x_wconf 82' lang='lat' dir='ltr'>percepisse</span> <span class='ocrx_word' id='word_1_291' title='bbox 689 3985 765 4042; x_wconf 66' lang='lat' dir='ltr'>dicia·</span> <span class='ocrx_word' id='word_1_292' title='bbox 782 4011 814 4020; x_wconf 89' lang='lat'><em>-</em></span> <span class='ocrx_word' id='word_1_293' title='bbox 829 3993 930 4050; x_wconf 85' lang='lat' dir='ltr'>patrem</span> <span class='ocrx_word' id='word_1_294' title='bbox 947 4002 1044 4052; x_wconf 82' lang='lat' dir='ltr'>quoque</span> <span class='ocrx_word' id='word_1_295' title='bbox 1060 3988 1106 4037; x_wconf 88' lang='lat' dir='ltr'>sub</span> <span class='ocrx_word' id='word_1_296' title='bbox 1124 3988 1185 4039; x_wconf 81' lang='lat' dir='ltr'>Gaio</span> <span class='ocrx_word' id='word_1_297' title='bbox 1203 3989 1316 4038; x_wconf 80' lang='lat' dir='ltr'>Caesare</span> <span class='ocrx_word' id='word_1_298' title='bbox 1333 3987 1465 4038; x_wconf 81' lang='lat' dir='ltr'>militasse</span> 
     </span>
     <span class='ocr_line' id='line_1_36' title="bbox 337 4069 1465 4133; baseline 0.008 -19"><span class='ocrx_word' id='word_1_299' title='bbox 337 4069 548 4133; x_wconf 79' lang='lat' dir='ltr'>epistolarumque</span> <span class='ocrx_word' id='word_1_300' title='bbox 561 4075 586 4118; x_wconf 86' lang='lat' dir='ltr'>et</span> <span class='ocrx_word' id='word_1_301' title='bbox 597 4070 748 4133; x_wconf 77' lang='lat' dir='ltr'>legationum</span> <span class='ocrx_word' id='word_1_302' title='bbox 765 4070 838 4119; x_wconf 87' lang='lat' dir='ltr'>simul</span> <span class='ocrx_word' id='word_1_303' title='bbox 853 4079 880 4120; x_wconf 86' lang='lat' dir='ltr'>et</span> <span class='ocrx_word' id='word_1_304' title='bbox 891 4073 961 4120; x_wconf 84' lang='lat' dir='ltr'>anuli</span> <span class='ocrx_word' id='word_1_305' title='bbox 971 4087 1057 4121; x_wconf 83' lang='lat' dir='ltr'>euram</span> <span class='ocrx_word' id='word_1_306' title='bbox 1071 4073 1197 4126; x_wconf 83' lang='lat' dir='ltr'>babuisse.</span> <span class='ocrx_word' id='word_1_307' title='bbox 1213 4098 1248 4108; x_wconf 75' lang='lat'><em>-</em></span> <span class='ocrx_word' id='word_1_308' title='bbox 1267 4072 1465 4123; x_wconf 82' lang='lat' dir='ltr'>Adnumeran-</span> 
     </span>
     <span class='ocr_line' id='line_1_37' title="bbox 337 4149 1465 4221; baseline 0.01 -23"><span class='ocrx_word' id='word_1_309' title='bbox 337 4149 387 4200; x_wconf 88' lang='lat' dir='ltr'>dus</span> <span class='ocrx_word' id='word_1_310' title='bbox 405 4151 559 4202; x_wconf 90' lang='lat' dir='ltr'>hominibus</span> <span class='ocrx_word' id='word_1_311' title='bbox 577 4152 709 4203; x_wconf 80' lang='lat' dir='ltr'>litteratis</span> <span class='ocrx_word' id='word_1_312' title='bbox 729 4157 771 4203; x_wconf 87' lang='lat' dir='ltr'>est</span> <span class='ocrx_word' id='word_1_313' title='bbox 793 4155 958 4205; x_wconf 85' lang='lat' dir='ltr'>Votienus</span> <span class='ocrx_word' id='word_1_314' title='bbox 976 4156 1155 4207; x_wconf 84' lang='lat' dir='ltr'>Montanus</span> <span class='ocrx_word' id='word_1_315' title='bbox 1172 4157 1375 4221; x_wconf 81' lang='lat' dir='ltr'>Narbonensis,</span> <span class='ocrx_word' id='word_1_316' title='bbox 1396 4174 1465 4210; x_wconf 82' lang='lat' dir='ltr'>ors.-</span> 
     </span>
     <span class='ocr_line' id='line_1_38' title="bbox 336 4235 1467 4300; baseline 0.011 -17"><span class='ocrx_word' id='word_1_317' title='bbox 336 4239 379 4284; x_wconf 89' lang='lat' dir='ltr'>tor</span> <span class='ocrx_word' id='word_1_318' title='bbox 402 4235 609 4300; x_wconf 88' lang='lat' dir='ltr'>celeberrimus,</span> <span class='ocrx_word' id='word_1_319' title='bbox 633 4251 713 4300; x_wconf 89' lang='lat' dir='ltr'>quem</span> <span class='ocrx_word' id='word_1_320' title='bbox 735 4240 846 4287; x_wconf 84' lang='lat' dir='ltr'>constat</span> <span class='ocrx_word' id='word_1_321' title='bbox 868 4239 918 4287; x_wconf 91' lang='lat' dir='ltr'>sub</span> <span class='ocrx_word' id='word_1_322' title='bbox 941 4239 1054 4290; x_wconf 89' lang='lat' dir='ltr'>Tiberio</span> <span class='ocrx_word' id='word_1_323' title='bbox 1076 4239 1172 4292; x_wconf 82' lang='lat' dir='ltr'>laesae</span> <span class='ocrx_word' id='word_1_324' title='bbox 1195 4240 1356 4292; x_wconf 83' lang='lat' dir='ltr'>maiestatis</span> <span class='ocrx_word' id='word_1_325' title='bbox 1379 4257 1467 4295; x_wconf 86' lang='lat' dir='ltr'>reum</span> 
     </span>
     <span class='ocr_line' id='line_1_39' title="bbox 337 4317 1466 4388; baseline 0.013 -23"><span class='ocrx_word' id='word_1_326' title='bbox 337 4317 431 4368; x_wconf 82' lang='lat' dir='ltr'>fuisse.</span> <span class='ocrx_word' id='word_1_327' title='bbox 461 4322 529 4372; x_wconf 86' lang='lat' dir='ltr'>Tac.</span> <span class='ocrx_word' id='word_1_328' title='bbox 549 4336 612 4370; x_wconf 86' lang='lat' dir='ltr'>ann.</span> <span class='ocrx_word' id='word_1_329' title='bbox 630 4322 656 4382; x_wconf 89' lang='grc'>4,</span> <span class='ocrx_word' id='word_1_330' title='bbox 675 4321 718 4371; x_wconf 84' lang='grc'>42.</span> <span class='ocrx_word' id='word_1_331' title='bbox 748 4321 870 4370; x_wconf 83' lang='lat' dir='ltr'>Martial.</span> <span class='ocrx_word' id='word_1_332' title='bbox 889 4323 919 4385; x_wconf 85' lang='lat'>8,</span> <span class='ocrx_word' id='word_1_333' title='bbox 940 4325 971 4372; x_wconf 83' lang='grc'>72</span> <span class='ocrx_word' id='word_1_334' title='bbox 991 4331 1043 4374; x_wconf 90' lang='lat' dir='ltr'>etc.</span> <span class='ocrx_word' id='word_1_335' title='bbox 1079 4325 1121 4374; x_wconf 89' lang='lat' dir='ltr'>De</span> <span class='ocrx_word' id='word_1_336' title='bbox 1140 4324 1238 4388; x_wconf 88' lang='lat' dir='ltr'>quibus</span> <span class='ocrx_word' id='word_1_337' title='bbox 1257 4326 1387 4376; x_wconf 91' lang='lat' dir='ltr'>omnibus</span> <span class='ocrx_word' id='word_1_338' title='bbox 1409 4329 1466 4381; x_wconf 83' lang='lat' dir='ltr'>cfr.</span> 
     </span>
     <span class='ocr_line' id='line_1_40' title="bbox 338 4404 1198 4474; baseline 0.008 -23"><span class='ocrx_word' id='word_1_339' title='bbox 338 4416 399 4466; x_wconf 89' lang='lat' dir='ltr'>eos,</span> <span class='ocrx_word' id='word_1_340' title='bbox 418 4406 466 4466; x_wconf 91' lang='lat' dir='ltr'>qui</span> <span class='ocrx_word' id='word_1_341' title='bbox 482 4405 626 4454; x_wconf 83' lang='lat' dir='ltr'>historiam</span> <span class='ocrx_word' id='word_1_342' title='bbox 644 4404 799 4454; x_wconf 86' lang='lat' dir='ltr'>litterarum</span> <span class='ocrx_word' id='word_1_343' title='bbox 817 4406 1000 4459; x_wconf 81' lang='lat' dir='ltr'>Romanarum</span> <span class='ocrx_word' id='word_1_344' title='bbox 1019 4410 1198 4474; x_wconf 85' lang='lat' dir='ltr'>scripserunt.</span> 
     </span>
    </p>
   </div>
   <div class='ocr_carea' id='block_1_5' title="bbox 0 0 1582 5157">
    <p class='ocr_par' dir='ltr' id='par_1_11' title="bbox 0 0 1582 5157">
     <span class='ocr_line' id='line_1_41' title="bbox 0 0 1582 5157; baseline 0 0"><span class='ocrx_word' id='word_1_345' title='bbox 0 0 1582 5157; x_wconf 95' lang='lat' dir='ltr'> </span> 
     </span>
    </p>
   </div>
   <div class='ocr_carea' id='block_1_6' title="bbox 1575 2570 1578 3133">
    <p class='ocr_par' dir='ltr' id='par_1_12' title="bbox 1575 2570 1578 3133">
     <span class='ocr_line' id='line_1_42' title="bbox 1575 2570 1578 3133; baseline 0 0"><span class='ocrx_word' id='word_1_346' title='bbox 1575 2570 1578 3133; x_wconf 95' lang='lat' dir='ltr'> </span> 
     </span>
    </p>
   </div>
  </div>
 </body>
</html>
