3148 5160
534 411 617 467 PARS
640 411 669 467 ll.
715 411 822 468 CAPV'l'
845 411 886 468 lll.
1202 414 1264 476 247

145 580 360 646 immunitates,
384 577 517 638 colonias
545 584 644 638 autem
670 579 746 638 iuris
768 577 862 639 ltalici
889 579 1015 639 vidimus
1043 579 1162 638 fictione
1191 597 1263 656 qua·

145 681 210 742 dam
234 681 420 740 immunitate
443 697 511 740 usas
534 696 600 741 esse
623 679 679 740 soli
700 679 803 741 ltalici.

228 781 416 867 Levabantur
438 780 550 842 tributa
573 788 603 841 et
625 781 680 842 soli
703 789 732 842 et
754 783 859 861 capitis
883 803 899 843 a
921 782 1143 861 magistratibus
1158 783 1263 862 populi

143 885 270 946 Romani
291 883 347 944 hoc
370 883 473 952 modo,
498 892 531 944 ut
551 902 645 962 penes
667 884 875 963 proconsulem
900 893 979 946 esset
999 903 1138 964 suprema
1161 886 1261 946 distri-

142 987 330 1048 buendorum
352 985 534 1047 tributorum
558 1004 629 1046 cura
653 991 682 1046 et
703 987 872 1048 iurisdictio
895 987 932 1047 de
954 987 1046 1048 rebus
1061 987 1096 1048 ad
1113 989 1261 1048 aerarium

142 1088 326 1168 provinciale
359 1086 593 1167 pertinentibus,
630 1106 724 1166 penes
758 1099 947 1165 quaestorem
981 1107 1053 1150 cura
1086 1089 1260 1168 accipiendi,

108 1229 113 1237 ·
143 1207 218 1268 quae
240 1189 393 1259 redibant,
418 1195 447 1249 et
470 1207 541 1250 cura
563 1187 733 1250 tabularum
755 1190 937 1254 tributorum
960 1197 1163 1270 acceptorum.
1201 1193 1259 1252 An·

143 1311 238 1354 nonae
260 1311 331 1353 vero
353 1293 448 1352 maior
469 1293 572 1368 utique
594 1311 664 1370 pars
693 1291 915 1374 dependebatur
942 1296 1131 1377 procuratori
1153 1293 1259 1354 Caesa-

142 1397 199 1465 ris,
223 1413 285 1455 non
307 1395 473 1471 quaestori,
497 1413 566 1455 nam
589 1410 665 1470 quae
680 1392 768 1455 huius
783 1397 902 1472 generis
918 1394 1114 1473 exigebantur
1128 1397 1159 1456 in
1175 1414 1260 1457 usum

141 1498 381 1575 magistratuum,
406 1495 539 1556 cohortis
566 1497 747 1573 praetoriae,
763 1497 918 1575 ,praesidii
951 1499 982 1558 in
1010 1499 1160 1577 provincia
1188 1517 1258 1558 con-

141 1599 251 1667 stituti,
281 1598 373 1658 multo
401 1599 517 1658 minora
546 1604 631 1657 erant
659 1614 745 1674 quam
775 1613 850 1674 quae
884 1598 920 1658 ad
953 1617 1040 1660 usum
1075 1601 1260 1660 exercituum

139 1701 358 1761 transeuntium
380 1707 464 1760 erant
485 1699 652 1778 pendenda.
697 1700 798 1784 ltaque
820 1699 955 1762 videmus
976 1701 1159 1780 peculiarem
1186 1720 1257 1781 pro-

139 1809 310 1864 curatorem
333 1819 468 1862 annonae
492 1819 558 1862 esse
587 1802 771 1871 institutum,
801 1804 888 1863 cuius
916 1811 980 1862 erat
1006 1821 1062 1882 per
1085 1802 1258 1863 Narbonen·
1336 1832 1341 1843 ·

138 1923 201 1965 sem
225 1911 255 1964 et
276 1904 428 1983 Liguriam
451 1904 627 1964 annonarias
650 1902 822 1964 collationes
845 1903 1053 1966 administrare
1068 1911 1098 1964 et
1113 1921 1188 1981 quae
1203 1923 1259 1983 per

139 2007 212 2068 duas
236 2006 290 2070 has
312 2007 452 2084 regiones
476 2005 614 2066 extabant
636 2005 745 2066 horrea
766 2005 917 2066 custodire
941 2005 1017 2086 (app.
1042 2025 1070 2066 n.
1097 2002 1177 2083 323).

222 2109 246 2170 Α
268 2107 389 2168 tributis
412 2107 467 2168 soli
489 2109 654 2186 capitisque
676 2106 792 2168 diversa
815 2124 908 2184 aeque
928 2110 1044 2168 ratione
1059 2125 1256 2186 personarum

137 2230 170 2271 ac
191 2211 308 2272 ratione
332 2227 433 2278 arcae,
458 2211 506 2269 cui
528 2207 766 2288 dependebatur,
791 2217 836 2270 est
851 2210 989 2270 vicesima
1003 2208 1204 2270 hereditatum
1228 2218 1257 2269 et

136 2313 316 2390 legatorum,
346 2327 434 2388 quam
456 2311 522 2389 lege
544 2309 616 2371 lulia
639 2311 762 2389 Augusti
785 2329 862 2371 anno
883 2329 913 2389 p.
937 2309 989 2372 Ch.
1014 2315 1034 2376 6
1062 2311 1174 2372 civibus
1197 2311 1255 2372 Ro·

135 2417 232 2476 manis
255 2414 306 2490 qui
329 2411 438 2490 ubique
470 2422 554 2473 erant
582 2418 697 2473 constat
727 2431 762 2473 ea
785 2413 958 2474 condicione
987 2431 1053 2474 esse
1075 2414 1254 2493 impositam,

136 2523 182 2586 ut,
207 2531 405 2595 quaecunque
426 2513 609 2574 hereditates
631 2513 786 2592 legataque
809 2533 868 2576 non
891 2514 1051 2577 heredibus
1080 2516 1257 2577 obvenirent

134 2619 274 2697 proximo
297 2619 535 2696 propinquorum
557 2619 624 2676 iure
646 2623 766 2678 mortuo'
786 2619 902 2688 iunctis,
926 2617 968 2678 illi
995 2617 1132 2696 vectigali
1156 2625 1256 2678 essent

134 2720 277 2790 obnoxia,
303 2727 332 2780 et
353 2718 410 2780 hoc
434 2719 554 2796 quidem
576 2718 688 2779 tributo
711 2736 808 2796 neque
825 2721 1008 2780 Viennenses
1031 2728 1116 2781 erant
1136 2719 1255 2781 liberati

133 2840 234 2900 neque
256 2823 306 2900 qui
328 2821 476 2882 Massiliae
499 2819 646 2898 degebant
673 2822 753 2881 cives
775 2820 909 2881 Romani.
956 2821 1172 2882 Conterebatur
1202 2840 1253 2882 au·

134 2929 193 2984 tem
216 2924 356 2984 vicesima
378 2924 410 2982 in
433 2923 581 2983 aerarium
603 2921 731 2982 mihtarc
755 2928 785 2982 et
807 2921 1067 2982 administrabatur
1089 2921 1125 2982 ab
1149 2921 1254 2982 eodem

132 3031 328 3104 procuratore
360 3042 417 3102 per
450 3024 524 3084 duas
555 3024 723 3103 provincias
750 3022 975 3084 Narbonensem
1009 3029 1038 3082 et
1066 3023 1252 3098 Aquitaniam

133 3129 294 3187 constituto
311 3124 386 3205 (app.
404 3145 434 3186 n.
451 3131 513 3194 672
529 3122 583 3203 sq).
603 3159 637 3169 -
663 3126 772 3186 Contra
787 3126 943 3186 stationem
960 3123 1252 3207 vicesimaeliberta·

132 3230 169 3289 tis
192 3231 256 3289 sive
279 3229 562 3297 manumissionum,
587 3227 666 3305 quod
688 3227 804 3288 libertis
826 3225 1034 3306 imponebatur
1056 3226 1191 3304 vectigal,
1216 3226 1252 3287 ad

131 3330 225 3391 solam
248 3329 474 3390 Narbonensem
496 3330 689 3409 pertinuisse,
713 3328 847 3389 videmus
869 3346 905 3388 ex
920 3329 1116 3409 inscriptione
1132 3349 1160 3390 ιι.
1178 3333 1250 3398 567.

131 3432 183 3492 Cui
205 3431 236 3492 id
259 3430 429 3492 mandatum
454 3438 533 3501 erat,
556 3437 734 3509 procurator
757 3448 832 3507 quae
855 3429 1018 3509 accipiebat
1032 3430 1156 3492 llomam
1180 3449 1249 3491 con-

132 3532 247 3594 terebat
270 3533 301 3593 in
322 3533 425 3593 liscum
450 3531 595 3593 libertatis
618 3540 648 3592 et
669 3532 869 3610 peculiorum,
901 3549 975 3609 quae
1003 3551 1072 3612 pars
1095 3540 1159 3594 erat
1187 3535 1250 3594 sisci

131 3635 278 3695 Caesarie.
305 3668 339 3678 —
366 3633 549 3695 Stationibus
576 3634 684 3694 deinde
712 3634 896 3712 vectigalium
926 3635 1133 3696 vicesimarum
1160 3635 1251 3695 liber·

131 3738 196 3797 tatis
220 3743 252 3797 et
274 3734 471 3796 hereditatum
495 3734 679 3797 adiciendam
707 3754 771 3796 esse
801 3738 957 3798 stationem
984 3739 1155 3816 patrimonii
1178 3737 1249 3799 Cae·

130 3840 213 3907 saris,
239 3837 376 3898 concludi
390 3844 488 3917 potest
503 3856 537 3898 ex
561 3837 647 3899 titulo
670 3846 907 3917 procuratorum,
932 3841 983 3915 qni
1005 3839 1179 3918 simpliciter
1202 3837 1246 3898 di·

129 3946 237 4000 cuntur
261 3941 430 4018 provinciae
447 3938 649 4000 Narbonensis
671 3958 731 3999 non
751 3941 884 4019 apposita
899 3940 1079 4000 indicatione
1099 3938 1250 4016 vectigalis

130 4040 173 4100 vel
195 4041 313 4102 reditus
327 4040 551 4102 administrandi
568 4040 754 4122 (669-671)
777 4049 806 4101 et
827 4059 863 4100 ex
879 4040 1100 4102 tabellariorum
1116 4041 1249 4102 Caesaris

129 4141 266 4220 collegio,
283 4142 363 4220 quod
378 4142 516 4204 Narbone
532 4142 675 4204 habemus
691 4143 882 4205 constitutum
897 4145 927 4204 in
942 4143 1137 4220 inscriptione
1153 4161 1182 4202 n.
1196 4148 1246 4210 59.

128 4243 263 4322 Namque
286 4263 353 4304 cum
376 4243 407 4303 hi
429 4244 577 4305 tabellarii
599 4263 698 4322 neque
725 4243 841 4305 cohorti
867 4246 1034 4324 praetoriae
1060 4245 1248 4322 proconsuhs

127 4347 245 4422 possint
267 4345 472 4415 adnumerari,
502 4353 534 4406 nt
556 4348 605 4423 qni
628 4346 763 4407 dicantur
792 4364 857 4408 esse
880 4347 1027 4416 Caesaris,
1057 4363 1153 4424 neque
1181 4365 1246 4409 cer·
