3184 5162
333 467 374 532 42
727 461 812 522 PARS
833 464 853 520 l.
897 461 1004 520 GAPV'l'
1026 463 1044 520 l.

332 641 397 704 tur,
421 634 536 696 etiamsi
555 629 761 694 tantummodo
784 649 854 692 orae
877 630 1000 692 limitem
1024 630 1080 692 sibi
1102 629 1451 712 vindicarent„quietos

332 739 397 799 lore
426 743 456 796 et
481 735 611 796 bostium
638 734 821 795 invasionem
849 733 980 796 laturos?
1033 733 1118 794 Gives
1145 739 1244 796 autem
1272 735 1397 796 Romani
1425 739 1452 798 si

332 839 599 900 transmarinorum
628 835 859 916 stipendiorum,
893 851 1027 913 quorum
1054 837 1085 898 in
1111 836 1252 916 Hispania
1280 837 1346 898 linis
1373 856 1452 900 nun·

333 959 420 1020 qnam
445 946 523 1010 erat,
547 940 619 1000 satis
641 941 700 999 iam
723 937 878 1007 taedebat,
902 937 1050 1016 quomodo
1073 945 1158 1000 erant
1178 939 1387 1018 permovendi,
1418 947 1453 1002 ut

333 1061 407 1106 nova
436 1041 513 1104 bella
541 1047 600 1102 tam
628 1041 736 1102 incerti
765 1041 863 1101 exitus
890 1041 1078 1120 susciperent
1104 1026 1172 1102 cum
1197 1041 1391 1104 ferocissimis
1421 1050 1453 1105 et

334 1142 600 1207 innumerabilibus
614 1141 753 1204 hostibus
768 1144 799 1203 in
815 1150 894 1204 terra
915 1143 1080 1204 remotiore
1103 1145 1191 1206 etiam
1213 1150 1302 1224 atque
1323 1151 1458 1224 prorsus

333 1249 451 1326 ignotal
494 1246 597 1325 ltaque
619 1252 653 1306 ut
675 1263 710 1305 ex
737 1263 795 1306 una
824 1253 909 1323 parte
936 1246 1022 1322 quasi
1044 1246 1205 1308 necessitas
1227 1245 1371 1323 quaedam
1392 1248 1449 1308 im·

333 1351 428 1430 posita
444 1355 522 1418 erat,
546 1355 578 1408 ut
595 1366 678 1409 oram
694 1345 834 1408 Gallicam
849 1363 920 1408 suae
942 1346 1075 1408 lacerent
1097 1347 1233 1418 ditionis,
1250 1350 1290 1410 ita
1306 1347 1343 1425 ab
1357 1348 1452 1410 altera

334 1451 413 1529 quod
436 1449 578 1512 accedere
606 1449 642 1510 ad
665 1448 743 1510 banc
769 1450 977 1510 necessitatem
1000 1450 1224 1520 cunctabantur,
1253 1452 1449 1513 excusaveris

335 1554 418 1633 Opus
440 1551 553 1613 sedicet
580 1558 644 1612 erat
671 1569 747 1612 novo
769 1568 895 1631 prorsus
917 1552 963 1612 rei
983 1551 1134 1614 Romanae
1156 1555 1286 1633 impetu,
1315 1570 1392 1613 novo
1419 1555 1452 1614 in

335 1658 397 1735 ipsa
426 1653 500 1714 mbe
526 1671 629 1714 rerum
657 1651 776 1723 ordine,
806 1660 839 1713 ut
867 1652 1076 1734 Transalpinas
1103 1673 1222 1734 quoque
1249 1674 1300 1716 res
1326 1655 1451 1733 gerendi

334 1775 409 1820 nova
432 1773 525 1835 caque
547 1754 654 1816 fortior
676 1755 862 1816 inveniretur
883 1757 967 1816 ratio.
1007 1756 1090 1828 Quae
1112 1774 1179 1818 cum
1201 1759 1241 1820 ita
1257 1763 1366 1828 essent,
1389 1775 1452 1818 non

334 1861 443 1920 mirum
466 1864 525 1926 est,
553 1856 633 1936 qnod
663 1875 730 1917 cum
752 1859 848 1937 prima
870 1855 1011 1919 llomanis
1040 1859 1199 1922 ollerretur
1226 1879 1295 1922 orae
1323 1858 1453 1920 Gallicae

334 1961 427 2024 solide
440 1958 629 2039 occupandae
641 1960 768 2029 occasio,
781 1977 846 2020 eam
857 1961 888 2019 in
901 1960 1000 2020 medio
1015 1979 1154 2023 successu
1167 1961 1351 2023 dimiserunt
1377 1962 1452 2024 Cum

335 2066 413 2126 euim
436 2081 514 2126 anno
536 2082 562 2125 a.
587 2061 639 2124 Cb.
665 2066 725 2130 143
747 2063 856 2124 iterum
879 2060 1085 2124 vehementius
1107 2080 1195 2140 quam
1218 2069 1303 2126 antea
1326 2063 1454 2142 Ligures

335 2166 440 2248 Oxybii
471 2166 508 2226 de
539 2165 691 2226 montibus
718 2163 858 2242 silvisque
891 2165 953 2226 suis
980 2164 1196 2226 descendentes
1223 2164 1452 2228 Massiliensium

334 2269 409 2332 fines
430 2270 608 2329 invasissent
630 2283 725 2344 eoque
748 2273 849 2328 essent
869 2267 1039 2346 progressi,
1062 2274 1096 2328 ut
1116 2267 1252 2330 Nicaeam
1277 2275 1306 2328 et
1326 2269 1451 2348 Antipo-

332 2372 385 2432 lim
401 2370 583 2437 obsiderent,
608 2369 714 2430 Graeci
734 2369 865 2446 impares
885 2368 923 2429 iis
944 2367 1090 2447 pellendis
1105 2368 1255 2432 Romanos
1277 2369 1384 2432 auxilio
1400 2388 1451 2432 vn·

334 2479 449 2534 canunt.
496 2471 552 2542 Qui
574 2476 732 2552 postquam
753 2470 883 2549 primum
905 2470 1016 2532 trustra
1039 2480 1221 2534 monuerunt
1240 2472 1393 2543 barbaros
1418 2483 1454 2536 nt

334 2575 513 2636 desisterent
535 2572 571 2634 ab
594 2573 727 2650 inceptis,
751 2574 861 2634 missus
883 2574 913 2634 in
936 2591 1039 2634 eorum
1062 2591 1149 2652 agros
1172 2575 1207 2646 Q.
1224 2574 1357 2655 Opimius
1380 2594 1452 2638 cou-

335 2675 380 2739 sul
404 2695 471 2738 cum
495 2675 643 2744 exercitu,
672 2676 723 2751 qni
746 2675 906 2736 vindicaret
933 2682 963 2735 et
990 2675 1096 2736 urbem
1119 2677 1300 2739 foederatam
1323 2685 1353 2737 et
1373 2678 1452 2738 iniu-

334 2780 409 2840 riam
431 2777 529 2856 legato
552 2776 685 2838 Romano
708 2776 744 2837 ab
767 2776 888 2859 Oxybiis
911 2778 1031 2846 laetam,
1061 2796 1128 2839 cum
1156 2778 1237 2840 laeili
1257 2780 1376 2856 negotio
1397 2777 1452 2840 de·

335 2881 453 2942 vicisset
476 2887 505 2939 et
528 2879 657 2960 Oxybios
680 2887 723 2948 et,
754 2880 805 2956 qui
828 2878 936 2940 auxillo
958 2880 995 2938 iis
1019 2889 1173 2950 venerant,
1203 2880 1338 2942 Deciates
1362 2880 1452 2940 finiti·

333 3002 413 3053 mos,
445 3000 533 3060 agros
557 2980 752 3044 barbarorum
774 2979 1009 3042 Massiliensibus
1039 2980 1173 3042 attribuit
1200 2983 1338 3061 imposita
1363 2983 1453 3044 simul

334 3083 495 3162 Liguribus
523 3083 710 3151 condicione,
744 3089 776 3143 ut
812 3084 903 3143 certis
930 3081 1118 3162 temporibus
1149 3083 1268 3144 obsides
1300 3085 1454 3147 mitterent

333 3184 489 3246 Massiliae.
501 3181 536 3263 ¹⁵)
580 3184 738 3245 Praeterea
760 3183 797 3244 ad
825 3183 902 3246 banc
924 3184 1050 3263 primam
1072 3183 1275 3248 Romanorum
1302 3187 1333 3246 in
1355 3187 1453 3266 ipsam

335 3284 458 3347 Galliam
481 3285 700 3366 expeditionem
727 3286 821 3347 refert
842 3281 1066 3365 Mommsenffi),
1097 3286 1176 3365 quod
1199 3287 1302 3349 Gicero
1329 3291 1360 3350 in
1389 3288 1452 3349 dia-

334 3387 402 3465 logo
423 3384 484 3456 illo,
505 3388 556 3464 qui
577 3388 737 3467 inscriptus
760 3395 805 3448 est
827 3387 876 3447 ‘de
898 3386 1073 3467 republica',
1096 3407 1174 3450 anno
1197 3410 1222 3450 a.
1240 3390 1293 3451 Gh·
1310 3395 1371 3458 129
1387 3391 1452 3452 Sci-

334 3490 452 3568 pionem
480 3489 649 3550 Alricanum
678 3489 824 3551 dicentem
853 3491 940 3558 lacit,
969 3489 1120 3552 Romanos
1148 3509 1206 3568 quo
1235 3489 1329 3571 pluris
1352 3502 1455 3554 essent

333 3592 466 3669 ipsorum
490 3588 596 3651 oliveta
618 3593 797 3669 vineaeque,
826 3591 1036 3672 Transalpinas
1065 3601 1168 3671 gentes
1190 3592 1286 3653 oleam
1309 3599 1339 3653 et
1361 3593 1451 3656 vitem

334 3710 436 3751 serere
459 3693 596 3752 vetuisse.
643 3692 728 3763 Quod
745 3694 896 3756 Ciceronis
918 3694 1029 3756 dictum
1053 3694 1089 3755 ad
1112 3695 1311 3776 quodcunque
1333 3703 1452 3776 tempus

334 3793 439 3862 refers,
464 3801 510 3853 est
533 3794 634 3871 utique
653 3794 846 3856 memorabile
863 3797 1031 3876 exemplum
1046 3799 1178 3858 minutae
1200 3796 1279 3858 illius
1294 3806 1452 3875 angustae-

334 3912 392 3975 que
415 3895 602 3974 optimatium
625 3897 762 3966 rationis,
791 3915 849 3976 qua
876 3898 907 3958 in
933 3897 1072 3976 gerendis
1099 3898 1190 3960 rebus
1218 3901 1350 3960 externis
1377 3899 1452 3962 aden

334 4015 394 4057 non
416 3996 592 4059 humaniora
613 3999 746 4060 instituta
774 4000 995 4060 communicare
1023 3999 1183 4062 studebant
1209 4018 1276 4062 cum
1304 3999 1452 4073 barbaris,

403 4333 445 4400 15)
464 4335 563 4403 Polyb.
581 4339 623 4401 33,
641 4338 659 4388 4
675 4351 717 4401 sq.
736 4338 751 4387 'l
770 4351 811 4400 sq.
847 4335 907 4386 Liv.
927 4335 994 4400 epit.
1011 4337 1054 4387 47.

404 4417 447 4491 16)
464 4418 497 4476 R,
515 4420 548 4472 d.
566 4423 593 4491 2,
612 4422 661 4472 159
678 4424 736 4472 not.
754 4420 811 4470 Cio.
830 4419 864 4471 de
881 4434 939 4491 rep.
958 4423 986 4486 3,
1006 4423 1030 4475 9.
