3148 5160
305 457 368 520 200
694 451 777 510 PARS
799 451 829 510 ll.
875 451 980 508 CAPVT
1003 451 1032 509 ll.

306 623 474 692 minimam,
499 621 600 682 locum
626 620 795 699 possident,
826 620 877 681 ubi
899 618 1093 698 sepeliantur,
1117 636 1215 696 neque
1237 617 1351 680 babent
1374 637 1429 680 cur

215 721 219 724 ’
307 725 343 785 ad
366 724 525 786 emendum
549 721 719 801 sepulturae
742 721 840 782 locum
862 721 994 782 modicas
1017 740 1085 782 suas
1107 720 1262 782 facultates
1277 739 1346 781 cum
1363 721 1430 781 aliis

307 825 470 886 conferant.
517 825 629 884 Deinde
652 824 798 893 videmus,
827 829 965 884 constare
993 811 1066 883 hacc
1094 822 1217 900 collegia
1245 841 1281 882 51
1307 824 1346 883 115
1373 822 1428 882 ho·

307 926 453 996 minibus,
478 928 530 1005 qui
551 926 631 986 idem
655 927 728 986 vitae
750 944 845 1004 genus
868 924 990 994 babent,
1014 926 1076 984 sive
1097 924 1177 984 idern
1197 925 1307 1003 opificii
1332 941 1430 1002 genus

309 1036 451 1096 tractant,
476 1029 537 1088 sive
561 1027 694 1088 eiusdem
719 1025 822 1105 templi
849 1033 919 1086 sunt
940 1027 1069 1087 ministri
1092 1027 1170 1105 (app.
1193 1045 1223 1086 u.
1248 1025 1336 1103 351),
1367 1027 1430 1085 sive

307 1129 361 1190 sub
386 1130 490 1190 eodem
512 1129 632 1189 domino
656 1130 803 1189 scenicam
826 1147 890 1188 rem
919 1129 1031 1188 iaciunt
1054 1127 1120 1206 (un.
1144 1131 1214 1194 353.
1240 1131 1311 1194 468.
1337 1126 1428 1204 537),

308 1233 369 1292 sive
394 1231 527 1291 eiusdem
549 1230 667 1309 patroni
691 1236 760 1290 suut
781 1228 881 1289 liberti
905 1229 943 1309 (11.
969 1229 1039 1308 223)
1064 1231 1124 1289 5115
1153 1227 1286 1290 eiusdem
1314 1228 1431 1288 domini

308 1334 394 1393 servi.
426 1333 534 1393 Forma
557 1337 655 1392 autem
677 1330 785 1392 horum
808 1348 926 1409 quoque
950 1330 1143 1408 collegiorum
1159 1330 1261 1390 eadem
1278 1336 1430 1406 astatque

308 1434 633 1512 rerumpublicarum:
658 1432 767 1494 babent
788 1432 918 1494 honores
940 1450 1067 1502 annuos,
1091 1440 1263 1511 quaestores
1288 1430 1429 1513 (11.281),

308 1537 466 1612 magistros
496 1535 581 1614 (281.
607 1540 678 1600 220.
703 1540 772 1600 223.
799 1530 893 1612 349).
923 1539 1076 1595 curatores
1100 1535 1186 1616 (341.
1211 1532 1432 1612 514)·511111155

309 1637 498 1698 curatoribus
521 1638 686 1698 sevirorum
708 1634 911 1714 Augustalium
933 1636 1060 1712 ideoque
1084 1636 1188 1696 codem
1211 1653 1339 1696 munere
1361 1635 1431 1696 lun-

309 1745 413 1816 gentes
442 1745 529 1818 atque
557 1740 587 1798 iu
615 1738 739 1800 aliarum
766 1739 987 1817 provinciarum
1015 1737 1148 1814 collegiis
1174 1736 1430 1816 quinquennales3

310 1838 421 1900 babent
442 1839 593 1909 ordinem,
625 1838 735 1900 habent
762 1839 879 1918 plebem
909 1845 1151 1917 corporatorum,
1182 1837 1294 1899 babent
1321 1839 1432 1900 deinde

310 1943 356 2001 ius
380 1960 540 2019 personae,
566 1941 644 2002 unde
665 1943 725 2020 ipsi
746 1941 841 2019 legata
862 1942 979 2021 possint
994 1942 1130 2019 accipere
1153 1947 1183 2000 et
1204 1959 1238 2001 ea
1261 1959 1338 2018 quae
1360 1960 1432 2020 pos·

310 2043 406 2103 sidant
429 2042 506 2104 bona
524 2043 625 2121 legum
648 2044 786 2104 fruantur
808 2042 972 2121 praesidio,
997 2041 1125 2118 denique
1143 2041 1303 2102 ,bominum
1332 2044 1432 2122 priva-

310 2152 410 2206 torum
433 2141 583 2220 instar¹¹¹)
607 2150 748 2224 patronos
771 2144 826 2204 sibi
855 2153 1011 2204 assumunt
1035 2144 1121 2224 (323.
1146 2149 1217 2211 327.
1243 2149 1315 2210 356.
1339 2142 1430 2222 514).

310 2245 506 2306 Funeraticiis
535 2254 632 2306 autem
661 2245 794 2323 collegiis
822 2245 1051 2306 adnumeremus
1080 2253 1109 2304 et
1137 2263 1184 2315 ea,
1212 2263 1288 2324 quae
1318 2245 1434 2307 nullam

310 2347 368 2406 uisi
389 2349 434 2407 151
456 2349 624 2408 1555131135
648 2365 782 2408 caussam
805 2347 998 2426 profitentur,
1023 2354 1052 2408 et
1074 2346 1197 2424 collegia
1220 2347 1377 2425 opiticum,
1401 2355 1434 2406 et

312 2465 344 2507 53
369 2447 507 2526 collegia,
538 2466 614 2526 quae
637 2449 767 2510 cultores
795 2447 920 2509 alicuius
945 2448 999 2510 1151
1022 2466 1053 2508 55
1083 2467 1148 2508 5555
1171 2448 1289 2516 dicunt,
1315 2466 1362 2508 ex.
1384 2464 1432 2524 gr.

312 2547 468 2626 collegium
487 2548 616 2610 salutare
632 2551 742 2612 Dianae
759 2547 1219 2625 5113111151(015111-Η511151111.
1239 2551 1345 2625 6086),
1369 2549 1433 2614 col·¹

311 2649 421 2726 legium
444 2648 521 2710 lovis
537 2651 664 2712 Cerneni
680 2651 759 2727 (ibid.
778 2669 806 2712 u.
825 2654 932 2726 6087),
957 2649 1115 2728 collegium
1129 2649 1298 2730 Aesculapii
1321 2660 1351 2712 et
1372 2651 1434 2732 Hy·

311 2754 376 2830 giae
398 2749 651 2828 (111111.11.2411);
677 2753 729 2813 sed
752 2754 867 2813 diversa
891 2761 960 2814 sunt
982 2771 1016 2813 53
1039 2752 1161 2831 collegia
1185 2759 1277 2814 tama
1299 2753 1437 2831 collegiis

312 2853 450 2931 opificum
472 2855 601 2932 antiquis
624 2855 685 2914 sive
709 2854 855 2933 collegiis,
885 2871 960 2931 quae
982 2853 1157 2917 dicebantur
1180 2854 1312 2924 Numae,
1342 2873 1438 2934 quam

312 2974 328 3015 3
350 2954 483 3032 collegiis
506 2957 598 3016 sacris
621 2954 762 3035 legesque
786 2975 854 3016 suas
884 2963 912 3016 51
933 2957 980 3016 ius
1004 2975 1039 3016 51
1067 2957 1282 3035 imperatorum
1312 2956 1439 3018 demum

311 3059 516 3135 repetiverunt
537 3063 647 3126 aetate,
672 3056 785 3118 scilicet
809 3075 844 3116 51
867 3056 933 3133 lege
956 3057 1087 3135 generali
1110 3057 1184 3118 Iulia
1215 3057 1351 3118 Caesaris
1373 3059 1438 3118 Au·

311 3159 450 3234 gustique
480 3158 516 3218 de
546 3153 741 3236 collegiis¹¹²)
771 3164 800 3217 51
832 3177 868 3218 51
901 3158 1160 3220 senatusconsulto
1192 3161 1265 3219 item
1299 3159 1439 3236 generali

310 3259 390 3317 inter
412 3259 536 3335 Augusti
558 3266 587 3318 51
609 3259 750 3320 Hadriani
772 3268 898 3332 aetatem
919 3260 1006 3320 lacto.
1016 3256 1067 3332 111)
1111 3259 1193 3320 15151
1216 3261 1356 3339 opiticum
1378 3280 1436 3322 au·

313 3365 373 3420 tem
396 3358 520 3436 collegia
542 3361 756 3438 imperatorum
780 3366 874 3421 aetate
898 3363 985 3422 etiam
1010 3363 1139 3421 extantia
1162 3361 1220 3422 duo
1236 3379 1347 3440 genera
1364 3371 1440 3424 sunt

314 3457 534 3536 distinguenda,
559 3460 685 3523 alterum
709 3480 827 3534 eorum,
851 3464 903 3541 qui
917 3464 1023 3541 privati
1045 3463 1193 3523 commodi
1216 3482 1321 3524 caussa
1343 3463 1438 3526 colla-

315 3561 351 3620 tis
374 3561 557 3638 singulorum
580 3564 714 3641 pecuniis
730 3563 879 3642 opificium
895 3562 1050 3633 iaciebant,
1074 3564 1201 3625 alterum
1218 3583 1332 3635 eorum,
1358 3582 1441 3642 quae

382 3798 440 3861 111)
458 3798 528 3848 Dico
544 3799 704 3862 priuatorum
721 3800 818 3858 instam-
835 3814 898 3848 nam
917 3800 1027 3864 patroni
1045 3804 1211 3866 cooptantur
1224 3800 1336 3866 quidem
1349 3799 1441 3853 etiam

314 3898 331 3930 a
349 3883 521 3947 municipiis,
540 3897 630 3946 neque
649 3886 742 3932 tamen
760 3885 790 3932 in
807 3883 919 3949 publico
942 3885 1001 3935 iure
1021 3886 1080 3936 eius
1099 3890 1265 3950 patronatus
1284 3891 1328 3936 551
1346 3888 1440 3953 origo,

314 3967 362 4015 sed
380 3967 408 4015 in
426 3968 486 4016 iure
504 3967 625 4032 privato,
645 3970 727 4030 atque
747 3971 868 4026 constat,
889 3968 1138 4020 administrationis
1163 3971 1274 4034 quidem
1292 3972 1353 4020 iure
1376 3987 1441 4021 mn-

313 4050 418 4114 nicipia
437 4050 473 4099 ad
490 4049 630 4115 publicam
644 4050 751 4114 imperii
763 4051 880 4102 Romani
893 4067 949 4102 rem
961 4055 1114 4119 pertinere,
1129 4056 1196 4106 iuris
1210 4060 1306 4106 autem
1324 4055 1441 4107 ratione

313 4135 483 4197 privatorum
500 4133 561 4184 loco
581 4149 651 4184 5555.

383 4217 442 4282 112)
463 4217 537 4267 Suet.
558 4216 638 4268 0355.
656 4220 698 4270 42.
722 4219 783 4271 051.
801 4223 842 4272 32.

385 4300 444 4365 113)
463 4303 578 4352 Hannon
596 4318 623 4354 n.
636 4303 700 4353 6081
722 4303 774 4354 551.
793 4304 815 4353 Ι.
832 4321 858 4357 v.
872 4307 918 4356 10:
937 4306 1017 4371 15551
1036 4316 1193 4360 5355555155
1211 4314 1328 4362 55555115
1344 4315 1444 4376 populi

314 4381 422 4434 Romani
439 4389 491 4437 eto.
511 4387 561 4434 cfr.
579 4386 728 4437 Mommsen
746 4389 775 4437 in
793 4389 928 4440 Zeitschr.
947 4390 965 4444 1.
984 4392 1005 4444 l,
1022 4408 1049 4457 p.
1068 4395 1127 4446 359.
