3124 5168
1248 474 1298 519 VIl

179 619 379 704 descriptum
407 643 427 684 a
454 619 643 686 Marchione
676 623 716 687 de
744 621 893 708 Mejanes
922 627 974 706 (n.
1003 623 1096 708 838).
1146 622 1297 689 Ceterum

178 740 284 806 neque
306 720 445 786 Romieu
465 743 570 807 neque
593 723 698 788 Solier
722 725 795 810 ipsa
816 730 1024 788 monumenta
1045 723 1211 805 viderunt,
1240 726 1298 790 sed

179 822 260 885 satis
282 821 476 902 habuerunt,
502 823 700 890 Simeonium
723 824 927 909 excripsisse.
950 862 992 872 —
1016 823 1082 905 Qui
1096 825 1172 890 libri
1187 847 1297 890 omnes

178 945 285 1008 neque
313 923 377 988 fide
412 925 577 992 excellunt
609 928 643 992 in
676 927 850 993 reddendis
883 927 969 994 veris
1001 925 1107 991 titulis
1140 949 1245 1013 neque
1278 951 1298 991 a

178 1023 273 1088 falsis
295 1027 522 1092 abstinuerunt
548 1050 608 1094 nec
635 1051 788 1115 magnam
814 1028 1025 1114 suppeditant
1050 1029 1298 1114 inscriptionum
1401 1031 1403 1036 ’

179 1126 318 1212 copiam.
368 1128 491 1194 Verum
521 1151 562 1194 ex
590 1151 654 1218 quo
677 1130 859 1215 Scaliger
879 1129 914 1193 in
935 1151 1031 1194 usum
1051 1131 1194 1216 corporis
1215 1129 1298 1195 Gru-

178 1230 297 1293 teriani
318 1251 377 1315 per
401 1252 529 1296 omnem
551 1232 693 1299 Galliam
720 1231 963 1297 meridionalem
989 1231 1100 1296 titulos
1128 1233 1198 1297 sive
1225 1253 1298 1317 pro-

177 1331 250 1416 prio
283 1329 394 1396 labore
426 1334 662 1419 conquirendos
696 1333 839 1419 suscepit
872 1334 941 1399 sive
972 1355 1030 1419 per
1057 1334 1137 1397 alios
1171 1335 1299 1399 curavit

184 1431 401 1517 colligendos,
436 1456 478 1498 ex
511 1457 549 1500 eo
582 1444 727 1521 tempore
748 1444 907 1522 perpetua
933 1443 1213 1499 monumentorum
1240 1434 1299 1499 hu·
1359 1431 1368 1460 ⁸

178 1535 230 1598 ius
258 1535 400 1620 regionis
427 1537 658 1623 inscriptorum
680 1560 759 1602 cura
779 1539 901 1623 incepit
923 1539 991 1621 agi,
1021 1544 1118 1622 atque
1140 1537 1201 1600 etsi
1224 1536 1300 1601 Sca·

178 1635 331 1720 ligeriani
363 1637 450 1723 apud
480 1638 657 1705 Gruterum
678 1639 764 1706 tituli
785 1647 884 1725 'saepe
909 1641 1016 1704 minus
1044 1637 1217 1722 diligenter
1244 1627 1298 1703 en-

179 1739 278 1824 cripti
312 1747 404 1821 sunt,
439 1749 548 1805 tamen
583 1744 662 1807 satis
695 1743 806 1826 magni
839 1740 1076 1806 aestimandum
1110 1749 1172 1821 est,
1212 1740 1301 1825 quod

179 1839 241 1904 hoc
268 1840 364 1904 modo
393 1841 620 1926 indigenarum
654 1843 740 1908 oculi
773 1843 815 1907 ad
837 1845 963 1929 patriae
991 1864 1068 1906 suae
1097 1843 1299 1928 antiquitatis

178 1942 349 2008 thesauros
378 1952 453 2008 sunt
480 1947 639 2009 conversi.
689 1945 814 2010 Eodem
836 1944 905 2008 fere
926 1953 1071 2029 tempore
1093 1944 1150 2029 qui
1170 1947 1298 2006 Itinera-

177 2051 259 2109 rinm
294 2049 411 2109 Galliac
443 2049 645 2110 Narbonensis
678 2067 762 2111 anno
803 2054 885 2116 1606
918 2047 1048 2131 scripsit
1078 2044 1298 2126 Pomanus,

179 2155 214 2210 et
239 2147 310 2232 ipse
339 2146 497 2232 quosdam
526 2147 638 2213 titulos
665 2171 724 2235 per
753 2150 815 2212 iter
840 2147 1027 2212 faciendum
1063 2145 1177 2211 obvios
1204 2143 1299 2210 colle-

177 2249 239 2332 git.
283 2248 346 2312 Per
371 2249 459 2314 idem
487 2249 604 2315 deinde
633 2249 798 2314 saeculum
826 2250 988 2314 decimum
1015 2249 1187 2332 septimum
1213 2248 1299 2311 inter

179 2371 236 2414 eos
258 2351 398 2437 quidem,
422 2352 478 2438 qui
500 2351 668 2436 generales
691 2351 898 2417 collectiones
921 2351 1106 2431 ediderunt,
1134 2347 1222 2413 solus
1244 2370 1299 2412 no-

177 2453 298 2517 minari
324 2460 433 2537 potest
459 2453 536 2518 Iac.
565 2453 670 2539 Spon
697 2453 964 2539 Lugudunensis,
993 2453 1049 2538 qui
1077 2461 1114 2517 ut
1140 2473 1184 2516 ex
1212 2451 1299 2515 omni

179 2553 260 2620 orbe
288 2553 400 2618 titulos
430 2555 594 2639 congessit
622 2556 788 2641 antiquos,
817 2577 857 2620 ne
882 2556 1022 2641 patriam
1049 2553 1179 2640 quidem
1207 2575 1300 2618 suam

177 2654 328 2740 neglexit
348 2655 488 2743 indeque
509 2657 669 2742 quaedam
690 2657 814 2743 recepit
835 2657 869 2721 in
891 2655 984 2721 libris
1007 2656 1308 2720 Rectercbesd’anss

178 2759 308 2836 tiqaiie's.
335 2762 417 2839 Lyca
438 2768 515 2822 1683
538 2768 570 2823 et
591 2763 786 2824 Miscellanea
807 2763 943 2822 eraclitae
962 2763 1157 2836 antiquitatis.
1181 2761 1299 2834 Lnaad.

182 2869 263 2922 1685
288 2859 345 2945 (=
365 2859 484 2925 Graev.
513 2859 595 2924 thes.
622 2861 723 2946 antiq.
750 2861 842 2924 Rom.
868 2880 943 2923 nov.
966 2857 1124 2943 supplem.
1152 2856 1216 2922 vol.
1239 2858 1299 2922 IV.

178 2984 213 3047 p.
244 2962 469 3048 cas-1399).
518 2962 632 3048 Neque
665 2983 742 3027 vero
775 2959 944 3025 omittendi
977 2968 1066 3039 sunt,
1102 2980 1300 3044 quamquam

177 3063 408 3148 inscriptiones
436 3084 502 3128 non
524 3063 711 3145 ediderunt,
741 3063 805 3127 duo
832 3060 896 3128 viri
924 3060 1009 3124 inter
1035 3056 1195 3124 litteratos
1221 3081 1299 3123 suae

180 3166 298 3230 aetatis
312 3164 458 3229 homines
473 3165 676 3231 celeberrimi
696 3165 858 3229 Peiresc
879 3161 1043 3249 Aquensis
1059 3161 1298 3246 (rosc-1657)

180 3276 217 3330 et
238 3266 440 3332 (iassendi
462 3266 630 3330 Diniensis
655 3264 916 3351 (1592-1655)
924 3311 933 3346 ,
956 3265 1012 3349 qui
1040 3261 1081 3327 dc
1107 3284 1299 3328 conservan-

180 3368 235 3433 dis
265 3376 297 3432 et
329 3367 557 3454 conquirendis
590 3367 805 3433 monumentis
841 3387 906 3431 non
941 3364 1146 3429 mediocriter
1173 3385 1297 3428 merue-

179 3479 269 3535 runt.
313 3471 422 3550 Quam
446 3480 726 3535 monumentorum
754 3466 1049 3534 conservandorum
1077 3488 1189 3531 curam
1215 3469 1300 3530 inter

179 3571 353 3657 indigenas
392 3573 568 3637 excitatam
606 3595 680 3636 cum
722 3570 851 3636 saeculo
888 3569 1012 3634 decimo
1048 3579 1163 3634 octavo
1202 3591 1299 3656 quam

178 3673 397 3739 intentissime
434 3675 661 3739 continuarent
698 3674 834 3738 Ioann.
867 3673 1004 3736 Franc.
1040 3670 1209 3756 Sdguier
1235 3671 1297 3736 Ne-

58 3821 70 3830 .
178 3779 363 3841 mauseusis
393 3776 652 3861 (1703-1784)
677 3783 709 3838 et
729 3773 890 3839 Bimard
912 3773 957 3838 de
979 3773 1017 3837 la
1037 3773 1177 3838 Bastie
1201 3773 1298 3858 (1703

184 3880 343 3964 -1742),
377 3879 525 3942 dominus
561 3877 624 3942 loci
651 3878 745 3941 Mont
774 3875 892 3940 Saleon
921 3875 1066 3959 (antiqui
1093 3874 1214 3938 Montis
1243 3872 1298 3937 Se·

180 3979 295 4066 leuci),
318 3979 392 4044 Itali
413 3977 471 4061 illi,
495 3981 551 4064 qui
572 3979 737 4064 peridem
759 3969 885 4062 tempu's
907 3975 1096 4060 colligendis
1117 3974 1298 4058 inscriptio-

178 4081 281 4149 nibus
309 4081 465 4146 Romanis
492 4081 672 4163 vacabant,
703 4078 842 4164 Scipio
870 4076 1016 4142 Maffei
1043 4084 1076 4139 et
1096 4075 1297 4139 Muratori

176 4184 271 4251 nacti
299 4177 391 4265 sunt,
426 4183 482 4268 qui
511 4181 651 4268 amplam
677 4182 845 4246 titulorum
871 4180 998 4264 copiam
1024 4200 1066 4241 ex
1093 4175 1299 4240 Narbonensi

177 4296 318 4375 possent
346 4283 566 4369 suppeditare.
615 4284 660 4348 Et
686 4283 797 4348 Maffei
823 4280 967 4366 quidem,
995 4299 1075 4365 quas
1104 4299 1187 4341 anno
1215 4284 1297 4348 1734

177 4387 334 4456 Veronae
364 4385 467 4450 edidit
490 4389 606 4450 Galliae
634 4391 823 4463 antiquitates
849 4388 972 4446 selectas
997 4381 1068 4466 ipse
1094 4378 1226 4467 collegit
1246 4400 1297 4446 co·
