3148 5160
465 493 467 498 v
507 479 592 536 raas
614 480 651 537 u.
691 481 795 538 carvr
817 482 847 538 u.
992 442 993 446 Ν
1169 487 1229 548 205

127 642 201 704 sellia
222 645 282 704 sive
305 651 371 704 ante
395 645 455 705 siva
477 653 545 725 post
566 646 741 724 Augustales
762 646 889 728 populus
911 667 1119 727 possessorum
1141 649 1231 712 decu·

126 745 251 806 rionibus
267 746 453 815 inferiorum,
471 755 637 826 sequuntur
653 747 791 809 subsellia
807 750 974 820 mulierum,
1000 751 1109 812 claudit
1124 768 1231 829 agmen

125 846 205 906 turba
236 845 418 927 pullatorum
450 849 511 908 sive
538 851 734 926 ingenuorum
762 853 822 911 sive
851 850 1027 912 libertorum
1062 871 1231 914 servorum·

127 944 251 1026 que¹²⁰]‚
285 959 331 1019 ut,
364 951 599 1029 quotiescunque
626 951 745 1030 publice
773 955 945 1014 conveniret
974 953 1116 1033 populus,
1146 972 1231 1015 suum

126 1050 243 1126 quisque
272 1053 311 1123 in,
326 1051 494 1131 municipali
525 1052 629 1113 ordine
656 1055 880 1116 nancisceretur
909 1055 1057 1132 dignitatis
1086 1063 1115 1116 et
1143 1057 1231 1116 aesti-

125 1152 252 1212 mationis
274 1151 383 1213 locum.

490 1397 519 1450 3.
555 1395 605 1452 De
627 1396 702 1452 iure
722 1397 852 1464 populi.

200 1557 232 1617 ln
255 1557 414 1639 Hispaniae
436 1559 553 1637 oppidis
576 1559 687 1620 Latinis
709 1561 849 1640 Salpensa
874 1569 902 1621 et
923 1561 1032 1622 Malaca
1060 1561 1115 1621 sub
1142 1563 1231 1622 linem

121 1659 203 1736 primi
224 1679 254 1738 p.
280 1658 332 1720 Ch.
358 1654 602 1741 saeculi'populo
623 1663 670 1722 ius
698 1663 805 1731 luisse,
835 1656 962 1724 comitiis
990 1664 1111 1724 curiatis
1140 1665 1231 1741 magi·

123 1765 225 1822 stratus
253 1760 447 1840 municipales
470 1780 588 1832 creare,
619 1761 718 1823 tabula
740 1762 910 1825 Malacitana
939 1767 1008 1825 satis
1030 1763 1151 1842 probat,
1180 1783 1231 1825 ne-

123 1877 175 1937 que
204 1864 362 1941 quisquam
389 1863 581 1933 dubitaverit,
611 1866 682 1942 quin
711 1872 792 1925 recte
820 1865 984 1952 Mommsen
998 1863 1048 1940 ¹²¹)
1077 1867 1108 1925 in
1138 1865 1231 1944 expli·

19 2043 21 2054 Ι
123 1963 217 2024 caudis
239 1963 287 2025 his
309 1966 509 2025 monumentis
532 1984 592 2024 non
615 1965 709 2026 solum
735 1965 774 2050 ad
801 1965 915 2044 reliqua
938 1965 1095 2045 Hispaniae
1124 1966 1231 2044 oppida

121 2061 217 2126 Latina
239 2066 451 2150 aVcspasiano
474 2069 539 2128 iure
560 2066 636 2126 Latii
658 2067 765 2127 donata
788 2069 978 2127 comitiorum
991 2069 1039 2127 ius
1063 2068 1230 2135 transierat,

122 2165 168 2225 sed
185 2167 272 2228 etiarn
288 2175 405 2236 statuat,
428 2166 621 2228 tribuendum
637 2168 666 2229 id
684 2186 749 2229 esse
767 2168 905 2229 omnibus
928 2168 1045 2247 oppidis
1059 2167 1232 2228 Latinorum

121 2265 363 2338 coloniariorum,
387 2287 462 2348 quae
486 2287 519 2328 ea
542 2275 637 2329 aetate
661 2272 818 2330 extiterint.
857 2269 959 2346 ltaque
981 2271 1012 2329 in
1034 2275 1135 2328 nostra
1159 2286 1232 2346 quo-

19 2447 20 2450 *
121 2386 174 2446 que
195 2371 349 2449 provincia
371 2387 549 2447 quamquam
565 2388 663 2448 neque
686 2372 818 2450 deipsis
841 2373 966 2432 comitiis
990 2371 1150 2448 quidquam
1172 2377 1231 2430 tra·

121 2468 208 2532 ditum
242 2479 289 2532 est
321 2489 419 2549 neque
447 2471 484 2533 de
512 2471 623 2553 populo
652 2475 788 2533 curiatim
815 2473 922 2541 diviso,
958 2492 1019 2533 non
1052 2471 1230 2540 dubitamus

120 2572 230 2650 oppidis
260 2571 373 2634 Latinis
400 2592 416 2632 a
444 2573 569 2634 Caesare
598 2581 626 2633 et
653 2577 784 2652 Augusto
813 2576 980 2636 constitutis
1014 2592 1068 2653 per
1102 2575 1232 2653 primum

119 2673 217 2749 utique
241 2693 270 2752 p.
296 2673 346 2734 Ch.
373 2673 523 2735 saeculum
548 2677 665 2735 comitia
689 2675 821 2737 tribucre
851 2678 971 2736 curiata.
1016 2677 1067 2744 At,
1092 2677 1232 2758 quoniam

120 2771 230 2835 tabulae
253 2774 443 2835 Malacitanae
473 2777 499 2834 is
527 2781 571 2835 est
600 2776 686 2846 ordo,
718 2784 751 2836 ut
779 2783 867 2856 caput
888 2776 975 2846 illud,
1005 2777 1083 2855 quod
1114 2779 1174 2854 agit
1196 2776 1231 2835 de

120 2877 241 2937 comitiis
265 2875 425 2946 habendis,
455 2879 642 2938 contineatur
671 2897 703 2938 ea
726 2886 825 2957 parte,
856 2896 931 2956 quae
961 2877 1110 2954 quomodo
1139 2879 1230 2954 magi·

118 2983 223 3038 stratus
246 2985 389 3038 creentur
411 2978 602 3056 praescribit,
626 2979 705 3039 idem
720 2979 884 3039 Mommsen
906 2977 1121 3046 animadvertit,
1145 2995 1231 3056 prae-

118 3083 161 3136 ter
181 3081 408 3158 magistratuum
439 3081 619 3140 creationem
647 3082 693 3140 vix
721 3079 807 3140 aliam
836 3099 899 3140 rem
928 3086 991 3140 tum
1017 3096 1111 3159 penes
1133 3080 1231 3138 curias

117 3179 222 3250 luisse,
246 3181 339 3258 idque
361 3189 517 3259 praeterea
542 3200 577 3241 ex
601 3183 703 3243 eadem
727 3182 791 3260 lege
806 3181 977 3242 llalaeitana
999 3177 1067 3241 inde
1090 3180 1230 3259 perspici,

119 3281 193 3355 quod
220 3283 394 3361 provocatio
423 3301 438 3341 a
466 3282 568 3343 multis
597 3285 824 3360 magistratuum
852 3281 1074 3363 municipalium
1107 3299 1166 3344 non
1195 3280 1243 3346 ad.

117 3383 258 3461 populum
282 3384 388 3451 luerit,
418 3383 470 3442 sed
493 3384 529 3444 ad
552 3385 697 3445 ordinem.
749 3385 897 3446 Scitorum
926 3391 1006 3445 certe
1036 3403 1051 3443 a
1079 3382 1165 3462 plebe
1194 3383 1231 3442 de

118 3482 370 3545 administratione
393 3486 566 3564 municipali
588 3487 734 3564 sactorum
757 3486 872 3548 nullum
894 3493 973 3546 extat
996 3484 1172 3563 exemplum.

197 3589 235 3646 At
260 3586 414 3662 quaeritur
436 3588 508 3656 iam,
533 3606 604 3648 num
628 3588 732 3648 eodem
753 3591 819 3649 iure
841 3589 953 3648 luerint
975 3586 1107 3647 coloniae
1123 3587 1231 3646 civium

116 3683 333 3746 Romanorum:
359 3695 443 3747 erant
465 3690 567 3768 utique
591 3707 626 3750 ex
649 3686 715 3766 lege
737 3688 809 3750 lolia
831 3688 1016 3768 municipali,
1040 3687 1091 3748 ubi
1113 3689 1232 3748 comitia

115 3787 305 3868 municipalia
327 3786 437 3848 diserte
461 3786 824 3868 commemorantur1212),
848 3808 945 3868 neque
968 3796 1027 3859 est,
1051 3788 1130 3868 quod
1153 3791 1231 3848 cives

115 3885 266 3950 Romanos
300 3907 334 3949 eo
367 3889 434 3949 iure
465 3899 628 3952 statuamus
661 3893 806 3960 caruisse,
840 3910 898 3970 quo
932 3890 1092 3951 utebantur
1122 3888 1228 3959 Latini,

115 4058 420 4074 h-——a

182 4159 247 4226 120)
268 4161 324 4213 Ofr.
344 4161 419 4212 Suet.
438 4163 507 4228 Aug.
522 4164 562 4214 44.

182 4246 243 4310 121)
264 4245 442 4297 Stadtrechte
460 4263 485 4312 p.
505 4249 563 4298 398.

180 4332 230 4380 121
241 4329 272 4394 a)
291 4330 361 4381 Tab.
380 4331 493 4381 Heracl.
511 4331 530 4380 l.
550 4331 610 4381 135:
631 4357 662 4366 —
680 4346 741 4381 neue
759 4331 814 4396 quie
831 4331 885 4379 etue
902 4331 1026 4379 rationem
1049 4329 1154 4378 comitiis
1169 4330 1230 4378 coir-

114 4414 200 4464 cilioce
219 4411 343 4480 [habeto]
362 4419 414 4466 ato.
