3148 5160
524 510 607 567 etus
628 511 659 566 ll.
704 511 809 568 etrvr
831 512 860 568 ll.
1188 513 1248 576 213

62 688 68 696 “
125 680 341 758 provocatione
364 680 391 738 is
414 677 551 739 debuerit
572 677 737 757 prohiberi.
783 679 860 750 Quin
889 680 977 740 etiam
1000 680 1077 739 sicut
1099 698 1114 738 a
1137 679 1246 750 multis,

122 783 167 842 ita
190 799 206 842 a
236 782 342 860 poenis
370 798 502 859 quoque,
534 779 673 858 quamdiu
700 780 809 842 iudicia
837 780 957 860 publiea
984 799 1077 861 penes
1105 781 1248 861 populum

123 883 360 962 municipIorum
390 884 516 952 suerint,
546 885 788 961 provocationem
817 884 908 944 luisse
931 883 967 944 ad
990 882 1140 953 ordinem,
1169 883 1248 944 idem

122 985 295 1046 Mommsen
317 984 427 1046 iudicat
450 1003 515 1046 esse
538 984 796 1053 verisimillimum.

222 1197 254 1251 5.
290 1195 339 1251 De
360 1194 620 1264 magistratibus
641 1193 908 1262 municipalibus
931 1198 965 1251 et
986 1195 1150 1262 petronis.

132 1409 136 1413 ,
212 1343 254 1403 lle
278 1343 498 1421 magistratibus
520 1341 749 1421 municipalibus
778 1361 852 1419 quae
880 1342 1063 1403 instituenda
1091 1350 1136 1404 est
1158 1361 1246 1422 quae-

118 1447 192 1514 stio,
217 1443 360 1505 dividitur
382 1446 412 1505 in
436 1444 508 1506 duas
529 1452 638 1524 partes,
663 1462 786 1522 quarum
809 1447 892 1524 prior
914 1450 1049 1505 versatur
1064 1445 1095 1504 in
1118 1446 1245 1505 nomini-

118 1547 180 1607 bus
204 1545 431 1624 generibusque,
456 1563 531 1622 quae
553 1548 585 1605 iu
608 1563 725 1625 quoque
747 1546 856 1625 oppido
878 1549 1077 1615 inveniuntur,
1101 1545 1193 1607 altera
1215 1547 1247 1606 in

117 1666 230 1709 eorum
258 1649 323 1708 iure
350 1654 564 1726 potestateque.
611 1648 644 1708 ln
673 1656 796 1728 utraque
825 1656 922 1710 autem
951 1656 1036 1726 parte
1064 1647 1246 1726 separandae

116 1757 195 1810 sunt
215 1749 349 1810 coloniae
372 1751 479 1809 civium
501 1749 704 1810 Romanorum
728 1768 744 1810 a
767 1750 892 1812 coloniis
914 1749 1035 1810 Latinio.

211 1851 403 1911 Inveniuntur
425 1858 523 1912 autem
545 1852 576 1911 in
601 1849 724 1911 coloniis
747 1852 854 1912 civium
876 1852 1078 1913 Romanorum
1100 1852 1245 1911 nomina

114 1953 350 2031 magistratuum
375 1948 518 2032 haee¹⁴⁵):

188 2051 380 2114 Narbone:
405 2061 560 2132 praetores
582 2054 731 2114 duumviri
754 2056 831 2135 (app.
857 2073 885 2114 n.
905 2051 969 2132 16);
995 2058 1167 2130 quaestores
1183 2051 1242 2130 (22.

253 2151 313 2232 27),
337 2154 448 2215 aediles
472 2154 531 2236 (24.
557 2159 607 2222 28.
632 2156 681 2233 29)
706 2157 767 2216 sive
790 2153 902 2216 aediles
924 2154 1070 2214 duumviri
1094 2150 1164 2234 (27),
1189 2153 1243 2212 du·

255 2258 361 2317 umviri
384 2255 545 2336 (21—23),
569 2256 719 2317 duumviri
743 2256 978 2336 quinquennales
1002 2254 1077 2336 (20),
1101 2256 1245 2334 praelecti

252 2377 307 2437 pro
330 2358 487 2420 duumviro
510 2359 571 2434 (20.
596 2363 645 2423 21.
671 2356 816 2438 24-26).

186 2460 384 2520 Baeterris
406 2460 516 2521 desunt
537 2461 759 2538 inscriptiones

185 2561 322 2622 Forum
345 2561 433 2623 Iulii
456 2561 622 2622 duumviri?
648 2561 729 2641 (295.
754 2562 835 2642 296).

184 2662 354 2724 Arelate:
385 2671 559 2740 quaestores
583 2663 693 2744 (330),
718 2663 829 2724 aediles
853 2661 975 2742 (enea),
1006 2661 1116 2722 aediles
1138 2680 1243 2722 mune·
1276 2691 1278 2693 ·

252 2766 323 2824 rarii
347 2764 457 2845 (330),
481 2765 632 2826 duumviri
656 2763 889 2846 (enea-329)
918 2765 979 2823 sive
1008 2762 1156 2824 duumviri
1184 2765 1244 2823 iuri

253 2865 382 2927 dicundo
407 2866 499 2945 (325),
524 2864 762 2944 quinquennales
786 2862 878 2946 (325).

183 2969 399 3030 drausione
422 2967 534 3029 aediles
558 2965 650 3049 (410).

134 3068 140 3074 ’
184 3067 382 3130 Valentiae
404 3069 513 3155 desunt
534 3070 755 3148 inscriptiones

185 3173 365 3232 Viennae:
397 3179 571 3250 quaestores
596 3170 702 3250 (515),
726 3167 836 3230 aediles
860 3169 945 3247 (506.
971 3165 1063 3245 547),
1087 3172 1241 3246 quattuor-

254 3274 307 3332 viri
330 3273 410 3352 (506.
429 3278 499 3339 507.
517 3270 589 3350 568)
612 3273 674 3331 sive
697 3270 893 3347 quattuorviri
914 3269 974 3329 iuri
996 3267 1125 3329 dicundo
1142 3266 1241 3350 (503);

253 3382 426 3451 quaestores
450 3373 541 3452 (512),
566 3373 715 3432 duumviri
737 3372 844 3432 aerarii
869 3369 950 3448 (508.
975 3371 1144 3438 5125451
1169 3375 1240 3437 546.

253 3481 322 3543 582.
346 3481 417 3543 583.
442 3480 513 3542 590.
531 3481 602 3542 591.
620 3473 701 3553 594),
726 3473 873 3534 triumviri
895 3471 1030 3532 locorum
1053 3471 1242 3551 publicorum

252 3577 528 3655 persequendorum
553 3573 747 3654 (508-512.
772 3577 844 3640 546.
869 3577 941 3640 580.
966 3576 1037 3640 582.
1062 3578 1132 3640 589.
1158 3573 1241 3651 590).

252 3677 399 3738 duumviri
421 3679 480 3738 iuri
500 3676 627 3737 dicundo
651 3681 721 3743 507.
746 3681 816 3742 545.
842 3681 912 3741 571.
938 3680 1009 3742 589.
1048 3673 1122 3736 Ptin.
1155 3676 1240 3754 epist.

252 3785 281 3849 4,
304 3778 365 3860 22).
739 3785 740 3788 ’

104 3889 138 3948 in
166 3879 300 3943 coloniis
321 3880 434 3941 Latinis
456 3880 542 3941 baec:

182 3982 433 4042 Sextantione
455 3982 562 4044 desunt
583 3983 793 4060 inscriptiones
815 3981 926 4058 prioris
948 3981 1061 4040 aetatis.

181 4083 364 4146 Nemausi
386 4082 498 4144 aediles
522 4081 596 4164 (88),
626 4090 780 4162 praetores
804 4082 1000 4157 quattuorviri
1024 4078 1130 4160 (127);
1155 4086 1240 4156 quat·

188 4285 251 4352 145)
270 4286 303 4336 In
322 4264 512 4338 enumerandis
537 4287 747 4351 magistratuum
770 4282 918 4349 generibus
941 4282 1060 4330 minores
1084 4281 1241 4345 anteposui-

103 4391 176 4430 mus
200 4369 371 4433 maioribus3
394 4371 443 4421 ubi
466 4376 559 4421 autem
581 4376 733 4435 temporum
756 4367 902 4420 discrimen
924 4367 975 4416 sub
996 4365 1137 4417 varietate
1155 4366 1241 4416 nomi-

101 4477 180 4514 num
204 4456 294 4507 latere
315 4469 467 4520 censemus,
487 4455 611 4506 semicoii
629 4454 851 4520 interpunctione
869 4451 980 4502 nomina
999 4451 1198 4516 separavimus.
