3184 5162
282 417 324 478 νς
743 395 943 466 rnoormvn.

281 584 344 662 pili.
389 579 554 642 Utebantur
574 580 665 656 igitur
685 576 883 638 Massilienses
905 575 951 636 his
975 574 1200 634 mediterraneis
1222 569 1401 632 stationibus

281 701 405 764 prorsus
438 681 542 743 eodem
575 679 664 742 modo
698 688 787 757 atque
820 679 944 740 coloniis
971 676 1030 738 illis
1058 676 1150 736 littori
1182 673 1397 741 adiacentibus,

281 804 357 866 quae
380 793 410 845 et
432 784 602 845 commercii
626 800 729 844 caussa
752 789 782 842 et
801 781 837 842 ad
861 779 1004 841 arcendas
1019 778 1162 856 Ligurum
1176 778 1296 857 rapinas
1311 782 1400 836 erant

281 887 452 966 dispositae.
497 886 563 957 Quo
586 893 685 946 autem
707 886 773 944 iure
795 882 869 944 hacc
884 882 992 962 oppida
1008 899 1079 960 erga
1094 877 1252 941 Massiliam
1275 879 1396 946 inerint,

280 989 317 1050 de
340 1007 376 1049 eo
397 988 475 1050 inira
498 989 555 1049 erit
582 987 660 1064 quod
684 986 825 1047 dicamus.

364 1109 424 1168 lam
446 1125 517 1168 vero
541 1109 565 1168 si
588 1105 623 1167 ad
645 1107 726 1186 ipsas
748 1111 851 1183 gentes
873 1103 1015 1166 barbaras
1036 1104 1198 1184 pergimus,
1220 1102 1398 1180 incipientes

281 1231 296 1270 a
319 1209 471 1278 Salluviis,
496 1228 563 1270 cum
586 1207 694 1288 quibus
715 1209 820 1288 primis
842 1224 891 1267 res
912 1207 1010 1268 luerat
1031 1204 1284 1272 Phocaeensibus,
1311 1205 1396 1263 inve·

279 1313 377 1372 nimus
400 1312 525 1389 Ligures
548 1329 600 1370 eos
622 1308 765 1389 appellari
787 1328 803 1370 a
826 1309 936 1378 Plinio,
959 1307 1059 1370 Gallos
1081 1326 1098 1368 a
1119 1307 1210 1374 Livio,
1237 1305 1395 1382 Celtoligu·

279 1432 329 1475 res
351 1412 387 1474 ab
411 1399 535 1491 aliis79),
559 1420 647 1491 atque
670 1430 724 1472 suo
747 1411 872 1488 quisque
895 1412 960 1472 iure
983 1410 1107 1470 dirersis
1129 1409 1298 1470 nationibus
1319 1407 1399 1468 hauc

279 1521 398 1593 gentem
421 1513 535 1574 tribuit.
581 1513 674 1573 Erant
696 1514 773 1573 enim
797 1514 911 1590 origine
933 1513 1072 1590 Ligures,
1102 1511 1209 1572 deinde
1236 1529 1303 1571 cum
1330 1509 1397 1570 Cel-

279 1623 327 1676 tae
350 1633 446 1691 usque
469 1613 505 1675 ad
527 1615 673 1675 montium
697 1632 772 1692 quos
800 1614 843 1676 illi
865 1614 1006 1676 tenebant
1034 1613 1151 1674 radices
1172 1615 1325 1692 progressi
1348 1632 1394 1673 es·

280 1724 360 1786 sent,
391 1723 508 1777 montes
537 1716 657 1796 quidem
685 1716 742 1777 sibi
770 1716 942 1786 servabant,
972 1734 1069 1795 neque
1097 1734 1167 1776 vero
1197 1717 1262 1775 [ieri
1288 1717 1396 1795 potuit,

280 1821 351 1897 quin
375 1819 451 1879 duae
473 1825 577 1895 gentes
599 1817 733 1880 moribus
755 1817 832 1880 baud
856 1837 1035 1898 magnopere
1052 1818 1222 1878 dillerentes
1244 1817 1396 1896 paullatim

279 1923 358 1982 inter
382 1940 414 1982 se
436 1921 649 1988 miscerentur,
679 1921 792 1981 sicula
817 1927 901 2000 parte
924 1921 1058 2000 opposita
1080 1920 1169 1980 iidem
1192 1917 1290 1980 Celtae
1312 1921 1398 1980 mixti

279 2031 349 2084 sunt
371 2042 439 2083 cum
462 2021 611 2090 iberibus:
637 2029 722 2082 erant
743 2028 843 2084 autem
866 2021 896 2082 bi
919 2021 1018 2083 Celtae
1039 2021 1090 2091 illi,
1115 2039 1189 2099 quos
1211 2021 1316 2082 Volcas
1337 2021 1399 2082 dici

278 2125 405 2186 vidimus
427 2144 444 2185 a
466 2120 608 2200 niviella
631 2158 672 2168 —
696 2125 790 2185 Porro
806 2143 873 2184 cum
890 2123 1009 2184 Salluvii
1023 2125 1196 2198 interiorem
1219 2124 1312 2202 magis
1333 2130 1396 2183 ter-

278 2246 343 2288 ram
361 2235 500 2287 tenerent
513 2233 696 2304 occupatam,
719 2244 790 2285 orae
810 2235 840 2285 et
852 2224 1079 2286 Massiliensium
1098 2225 1222 2285 coloniis
1239 2225 1397 2286 maritimis

279 2327 515 2408 supersedebant
537 2326 643 2406 (lxybii
665 2335 695 2387 et
716 2327 866 2396 Deciates,
895 2346 970 2407 quos
997 2329 1067 2388 item
1090 2327 1214 2406 Ligures
1241 2327 1314 2387 dicit
1335 2327 1395 2388 Pli-
1496 2369 1500 2373 -

279 2430 346 2491 nius
370 2445 480 2506 eosque
503 2435 623 2507 praeter
646 2427 792 2488 Salluvios
815 2427 1026 2490 celeberrimos
1049 2448 1152 2490 eorum
1167 2428 1320 2507 Ligurum,
1344 2432 1399 2508 qui

278 2530 356 2592 ultra
378 2529 466 2609 Alpes
490 2529 687 2589 consederint.
727 2530 867 2592 Celebres
890 2539 988 2594 autem
1012 2538 1097 2591 erant
1119 2549 1186 2592 cum
1204 2537 1324 2592 strenua
1347 2550 1397 2592 ar-

278 2650 395 2694 morum
419 2630 635 2691 consuetudine
658 2639 720 2692 tum
744 2633 870 2692 maxime
894 2635 1020 2711 rapinis,
1050 2650 1124 2710 quas
1154 2640 1233 2693 terra
1260 2634 1397 2710 marique

250 2737 317 2812 lita
347 2732 539 2802 exercebant,
575 2739 608 2792 ut
636 2751 695 2794 non
729 2733 824 2795 solum
853 2733 996 2796 Gallicum
1029 2736 1125 2795 sinum
1154 2735 1206 2795 sed
1234 2737 1399 2796 remotiora

278 2853 398 2914 quoque
420 2837 512 2896 maria
534 2835 718 2896 infestarent.
765 2836 821 2907 Qui
848 2854 919 2896 vero
942 2855 1046 2897 eorum
1068 2838 1098 2896 in
1121 2836 1326 2898 montibusse
1348 2843 1393 2897 te-

278 2937 397 3007 nebant,
423 2956 474 2998 ecs
497 2937 601 2999 duram
626 2938 800 3017 tristemque
824 2940 911 2998 vitam
934 2940 1030 3016 egisse
1053 2940 1189 3001 referunt
1204 2937 1349 3000 Diodorus
1365 2945 1398 2998 et

347 3223 394 3285 79)
423 3224 531 3276 Plinius
557 3229 587 3286 3,
612 3228 641 3274 7:
676 3227 798 3290 Ligurum
821 3226 978 3276 celeberrimi
1000 3229 1067 3276 ultra
1091 3227 1173 3290 Alpes
1196 3226 1315 3288 Salluuii,
1340 3229 1394 3276 De-

277 3311 371 3372 ciates,
397 3307 499 3371 Oagbii.
544 3310 605 3359 Liv.
630 3310 696 3374 epit.
720 3312 766 3360 60:
798 3309 836 3359 M.
860 3311 963 3360 Fulvius
990 3311 1097 3360 Flaccus
1120 3314 1216 3375 primus
1247 3312 1397 3376 Transalpi-

277 3409 324 3444 nos
349 3393 461 3456 Ligures
491 3393 555 3444 bello
584 3396 691 3452 donauit,
727 3381 815 3444 missus
843 3397 868 3444 tn
894 3397 1016 3444 auxilium
1042 3397 1244 3446 Massiliensibus
1272 3399 1397 3446 aduersus

277 3477 401 3528 Salluvios
421 3478 514 3536 Gallos,
532 3482 577 3544 qui
588 3481 654 3540 fines
667 3479 863 3530 Massiliensium
878 3480 1076 3544 populabantur.
1113 3480 1211 3531 Strabo
1224 3481 1270 3532 IV.
1290 3498 1314 3546 p.
1328 3484 1395 3532 204:

278 3552 455 3613 τούντεῦθεν
481 3558 537 3627 (sc.
562 3553 613 3612 ἆτ’
634 3553 832 3628 secretales)
857 3557 885 3614 δ’
909 3555 967 3631 ἤδη
990 3558 1070 3631 μέχρι
1088 3566 1259 3626 Μασσαλίας
1283 3564 1332 3618 καὶ
1349 3584 1397 3632 μι-

276 3638 346 3711 κρὸν
369 3639 533 3712 προσωτέρω
555 3639 587 3697 τὸ
611 3645 667 3699 τῶν
690 3641 810 3700 Σαλδων
834 3644 920 3709 ἔθνος
943 3645 1021 3702 οἰκεῖ
1039 3641 1090 3708 τὰς
1107 3640 1215 3710 Ἄλπεις
1236 3644 1287 3710 τὰς
1308 3641 1395 3715 duap-

277 3723 412 3796 κειμένας
428 3730 482 3781 ιιαι’
496 3748 577 3790 τινας
596 3729 646 3797 τῆς
664 3721 753 3798 αὐτῆς
770 3733 913 3798 παραλίας
931 3725 1037 3801 οἷναμὶξ
1055 3725 1248 3800 τοῑςἝλλησι.
1276 3734 1396 3787 καλοῦσι

277 3809 310 3866 δέ
329 3806 395 3874 τούς
413 3807 530 3874 Stilone
549 3810 579 3866 ol
595 3809 648 3881 pla
666 3815 784 3870 παλαιοὶ
803 3818 858 3870 τῶν
871 3811 1012 3886 Ἑλλήνων
1023 3818 1133 3885 Λίγυας
1152 3817 1201 3871 καὶ
1219 3815 1272 3885 τὴν
1290 3811 1395 3886 χώραν,

276 3889 312 3965 ἣν
326 3894 439 3966 ἔχουσιν
451 3894 481 3951 οἱ
489 3899 706 3966 Μασσαλιῶται,
720 3897 901 3970 Λιγυστικήν,
915 3898 944 3955 οἱ
956 3896 985 3954 δ’
998 3893 1116 3970 ὕστερον
1126 3903 1317 3969 Κελτολίγαας
1329 3897 1396 3954 ὀνο-

276 3977 404 4050 piraeo,
424 3983 474 4037 nel
492 3977 546 4049 τήν
563 3981 645 4052 μέχρι
663 3987 842 4052 Λοοερίωνος
859 3986 918 4051 (sic
938 3988 1028 4052 codd.;
1054 3989 1230 4053 Δροοεντίας
1248 3991 1393 4044 D'Anaille.

275 4069 453 4129 Αοοενίωνος
471 4069 605 4134 Mannerl)
624 4069 673 4125 nol
692 4069 742 4124 τοῦ
756 4063 894 4124 Ῥοδανοῦ
905 4066 1032 4127 πεδιάδα
1050 4068 1161 4133 τούτοις
1177 4068 1394 4140 προςνέμοοσιν,

204 4149 207 4156 ’
276 4145 331 4220 ἀφ’
349 4140 384 4221 ἧς
403 4144 437 4206 οὗ
455 4147 543 4222 πεζὴν
560 4148 658 4222 μόνον,
678 4147 811 4210 illinet
825 4150 946 4224 [τοπικὴν
960 4153 1088 4212 ἔστελλον
1107 4148 1243 4228 στρατιὰν
1261 4155 1302 4222 εἰς
1320 4154 1396 4211 δέκα

275 4234 345 4305 νέον
365 4234 540 4306 διῃρημένοι·
577 4304 579 4308 .

344 4342 411 4405 79³)
429 4343 491 4400 Not.
511 4345 552 4402 il·
640 4398 643 4404 .
