3148 5160
482 475 567 534 Plus
589 475 619 532 ll.
664 475 768 532 CAPVT
791 477 820 532 ll.
841 507 847 518 ·
1077 491 1079 497 ’
1143 481 1203 542 165

17 699 19 714 ,
99 663 147 723 pes
172 651 268 704 essent
296 645 403 713 luturi,
433 646 494 704 siue
522 645 601 704 cives
631 643 756 706 Romani
783 645 844 704 nati
872 651 971 704 essent
990 647 1059 704 sive
1088 645 1201 706 fierent.

17 727 23 778 ³·
100 745 175 806 Unde
200 747 309 806 lectum
337 753 394 814 est,
431 753 463 806 ut
489 745 585 807 tribus
618 746 732 822 insigne
761 751 840 806 esset
867 729 926 806 non
955 745 1051 805 solum
1080 747 1203 806 civitatis

17 855 19 862 “
99 848 251 916 Romanae,
275 847 438 908 sedetiam
467 849 589 924 originis
618 850 679 908 sive
709 849 829 926 patriae.
875 845 907 906 ln
936 849 1085 923 provincia
1113 849 1205 924 igitur

18 1023 19 1026 Ἴ
100 949 272 1010 Narbonensi
296 957 325 1010 et
342 967 401 1026 quo
424 955 559 1026 tempore
582 951 676 1010 maior
698 949 869 1011 Latinorum
892 949 1070 1029 oppidorum
1094 952 1201 1010 consti·

18 1127 19 1134 ἵ
100 1057 171 1111 tutus
198 1058 242 1112 est
269 1069 428 1120 numerus,
459 1051 597 1112 omnibus
625 1053 676 1130 qui
704 1051 773 1111 inde
802 1051 837 1110 ad
867 1053 1012 1112 civitatem
1041 1049 1202 1110 Romanam

100 1155 235 1214 accessuri
262 1159 377 1222 essent,
406 1153 502 1213 tribus
531 1152 683 1230 designata
716 1159 761 1212 est
789 1152 928 1221 Voltinia,
964 1160 994 1212 et
1022 1153 1203 1212 Viennenses

17 1325 19 1334 ‚
100 1274 157 1315 curn
183 1257 228 1315 ius
255 1255 329 1315 Latii
357 1254 413 1316 sub
441 1256 572 1333 Augusto
602 1271 669 1314 oum
697 1255 811 1314 civitate
839 1260 1069 1322 commutarent,
1099 1271 1203 1314 omnes
1271 1257 1272 1260 ’

101 1356 184 1416 eidem
198 1357 289 1417 tribui
306 1364 374 1417 sunt
391 1356 540 1434 adscripti,
567 1357 593 1415 ei
616 1356 736 1425 scilieet,
754 1373 829 1432 quae
845 1364 930 1417 antea
952 1357 1009 1416 iarn
1026 1357 1120 1434 partis
1136 1374 1201 1416 mu·

99 1459 217 1538 nicipom
238 1458 403 1518 honoratae
426 1459 531 1518 luerat.
578 1457 685 1518 Contra
708 1459 888 1526 invenimus,
913 1457 1044 1518 colonias
1065 1457 1129 1518 illas
1153 1475 1203 1516 ex·

17 1601 19 1618 2
99 1561 234 1622 trinsecus
257 1559 399 1621 deductas
429 1578 488 1620 non
512 1559 608 1620 solum
633 1559 724 1620 tribui
748 1559 890 1620 Voltiniae
913 1578 973 1619 non
997 1578 1061 1619 esse
1091 1558 1202 1620 adscri-

98 1668 165 1738 ptos,
189 1661 238 1722 sed
255 1679 435 1740 quamquam
452 1661 555 1722 eodem
574 1668 709 1740 tempore
726 1659 870 1721 deductae
886 1668 963 1729 sunt,
988 1681 1071 1722 suam
1095 1663 1203 1736 cuique
1273 1722 1275 1728 ,

17 1747 19 1820 ἶ
99 1771 251 1840 separatam
275 1782 290 1822 a
314 1761 438 1840 reliquis
460 1763 571 1824 tribum
595 1781 660 1822 esse
684 1763 870 1840 assignatam,
893 1763 1023 1824 Narboni
1046 1763 1202 1840 Papiriam,

17 1907 18 1944 3
98 1864 235 1925 baeterris
258 1865 424 1942 Pupiniam,-
448 1864 559 1925 Arelati
581 1865 762 1933 Teretinam,
787 1864 864 1924 Foro
887 1861 953 1923 lulii
975 1872 1023 1924 aut
1046 1864 1202 1924 Voltiniam

17 1963 19 2030 ζ
98 1971 142 2025 aut
160 1963 375 2044 Aniensem³⁰)·;
406 1965 554 2027 Valentiae
582 1965 708 2044 denique
743 1973 772 2025 et
798 1966 969 2026 Arausionis
997 1971 1030 2024 ut
1058 1967 1141 2042 origo
1163 1966 1204 2024 ita

17 2081 19 2156 j
98 2066 182 2128 tribus
203 2068 352 2145 incognita
375 2075 428 2127 est.
475 2067 556 2138 Quae
583 2067 715 2126 tribuum
743 2069 773 2126 in
797 2063 919 2126 coloniis
942 2068 1068 2126 varietas
1096 2064 1203 2144 quibus

17 2167 20 2214 ι’
97 2171 197 2230 caussis
220 2172 258 2230 sit
280 2175 404 2239 statuta,
432 2188 491 2229 non
519 2175 619 2248 potest
644 2170 718 2228 erui.
764 2171 800 2228 nt
829 2186 886 2227 orna
916 2167 1078 2245 eademque
1109 2166 1204 2227 tribus

17 2273 19 2350 ζ
97 2268 210 2330 Voltinia
226 2271 366 2331 omnibus
384 2270 530 2348 indigenis
546 2269 685 2330 attributa
710 2289 817 2330 novum
841 2268 964 2346 praebet
986 2276 1202 2346 argumentum,

96 2369 160 2432 baec
174 2361 282 2452 oppida
305 2391 365 2432 uno
388 2371 551 2450 eodemque
573 2378 707 2450 ternpore
730 2371 809 2432 Latii
825 2373 890 2431 iure
913 2388 977 2431 esse
1000 2355 1127 2431 donata.

172 2509 317 2578 Quicum
345 2509 514 2587 provinciae
536 2507 738 2568 Narbonensis
767 2513 860 2566 status
889 2513 967 2568 esset
994 2525 1029 2566 eo
1059 2513 1203 2585 tempore,

18 2651 19 2656 η
97 2627 147 2686 qno
173 2611 291 2670 senatui
319 2609 355 2669 ab
383 2611 515 2686 Augusto
543 2608 650 2669 tradita
679 2614 737 2678 est,
766 2611 919 2688 quaeritur
945 2611 1018 2676 iam,
1048 2626 1120 2668 uum
1148 2626 1205 2686 qua

17 2767 19 2802 ἱ
96 2711 152 2769 eius
173 2717 266 2771 status
290 2713 412 2770 mutatio
436 2712 638 2772 intercesserit
659 2713 737 2771 inter
761 2729 901 2771 annosa.
928 2710 978 2771 Ch.
1004 2714 1044 2773 22
1061 2716 1132 2788 etp.
1151 2708 1202 2768 Ch.

96 2815 158 2880 212,
182 2832 240 2891 quo
263 2831 341 2874 anno
365 2811 511 2873 Caracalla
535 2813 681 2872 civitatem
704 2811 849 2880 omnibus
875 2813 925 2890 qui
947 2813 978 2870 in
999 2811 1125 2888 imperio
1140 2815 1205 2868 turn

17 2901 19 2946 ³
96 2919 178 2982 erant,
202 2915 340 2990 ingenuis
363 2915 518 2974 concessit.
563 2915 600 2974 Et
627 2915 756 2991 primum
785 2911 902 2991 quidem
931 2917 1015 2972 aucta
1044 2913 1108 2970 iure
1136 2915 1205 2968 sunt

95 3016 184 3074 omnia
212 3016 383 3094 provinciae
411 3015 518 3095 oppida
547 3017 607 3074 sive
636 3015 742 3074 civium
771 3011 973 3073 Romanorum
1001 3013 1061 3070 sive
1084 3011 1202 3070 Latino·

94 3132 155 3174 rum
176 3125 239 3177 turn
263 3135 331 3178 curn
352 3119 484 3195 primum
507 3117 578 3177 haec
601 3116 752 3194 provincia
781 3121 932 3174 senatores
958 3114 1085 3191 imperio
1107 3111 1205 3188 coepit

95 3218 287 3297 suppeditare.
333 3217 394 3277 lam
417 3237 507 3296 supra
530 3217 567 3298 (p.
592 3214 662 3292 158)
684 3219 854 3286 statuimus,
879 3231 976 3294 neque
999 3215 1101 3294 quiin
1125 3211 1203 3273 colo-

155 3489 198 3555 30)
217 3489 384 3551 Grotefend,
404 3490 469 3552 imp.
480 3489 556 3538 Rom.
568 3488 694 3552 tributim
712 3485 800 3536 deser.
820 3501 846 3550 p.
866 3485 921 3543 118,
941 3486 1041 3534 Forum
1060 3483 1127 3535 Iulii
1144 3499 1205 3548 pro-

93 3573 198 3625 vinciae
216 3575 302 3625 Nerb.
320 3575 419 3624 tribuit
435 3573 591 3638 Voltiniee,
611 3574 711 3622 Forum
730 3571 795 3620 Iulii
812 3570 948 3620 Venetiae
966 3570 1091 3619 Aniensi.
1127 3567 1206 3630 Quod

94 3671 143 3706 non
160 3676 193 3709 ex
212 3660 287 3709 omni
304 3665 383 3722 parte
404 3662 530 3707 constare
544 3657 612 3706 mihi
623 3657 745 3706 videtur:
765 3656 864 3704 desunt
878 3654 1037 3704 testimonie
1051 3653 1207 3702 certissime

94 3740 210 3806 lapidum
228 3745 258 3792 in
276 3743 345 3808 ipsis
363 3743 471 3807 oppidis
494 3745 677 3807 repertorum,
701 3740 817 3789 militum
841 3744 934 3789 eutem
956 3738 1033 3788 tituli
1055 3737 1084 3786 in
1106 3736 1206 3786 alienis

93 3828 239 3888 provinciis
257 3826 373 3893 reperti,
398 3827 445 3889 qui
467 3825 629 3891 profitentur
646 3825 747 3873 tribum
766 3823 927 3884 Aniensem,
952 3825 981 3873 in
999 3825 1125 3872 neutram
1143 3837 1207 3886 par-

94 3913 142 3960 tem
161 3916 325 3978 argumento
344 3915 421 3972 sunt3
446 3927 479 3959 ex
502 3910 591 3959 tribus
613 3908 710 3957 deinde
731 3908 874 3972 exemplis,
900 3923 971 3971 quae
997 3905 1148 3955 Grotefend
1171 3904 1206 3952 cd

93 3994 185 4044 Forum
203 3995 271 4046 Iulii
289 3995 450 4060 provinciae
468 3995 564 4056 relert,
588 3994 703 4057 primurn
723 3993 798 4057 (app.
817 3996 903 4041 nostr.
922 4008 949 4044 n.
967 3989 1050 4053 433),
1062 4005 1115 4053 quo
1134 4004 1204 4037 conr-

95 4086 255 4130 memoratur
272 4064 432 4144 praefectus
450 4077 627 4137 Iuliensium,
653 4077 687 4127 ad
706 4077 852 4126 Vasionem
871 4077 1024 4141 pertinere,
1043 4072 1079 4122 ad
1095 4070 1206 4120 titulum

17 4181 19 4226 ξ
92 4162 166 4212 illum
184 4165 342 4224 docuimus;
362 4163 473 4212 tertium
492 4163 617 4224 (Henzeu
637 4177 662 4212 n.
682 4163 758 4221 5204)
776 4176 831 4210 non
849 4160 918 4209 dicit
936 4161 969 4208 de
982 4158 1054 4207 Foro
1066 4156 1140 4214 Iulii,
1159 4153 1207 4203 sed

17 4235 19 4248 '
93 4244 123 4297 de
139 4248 210 4299 Foro
229 4247 361 4312 Augusti3
381 4246 531 4296 secondum
550 4246 636 4296 solum
657 4246 730 4310 (app.
750 4249 834 4294 nostr.
854 4260 880 4292 n.
893 4242 936 4304 lo)
957 4241 1076 4290 alicuius
1096 4242 1138 4288 est
1150 4255 1206 4288 mo-

93 4334 186 4392 menti,
213 4348 275 4381 eum
297 4331 476 4382 verisimilius
500 4331 549 4394 sit,
574 4329 728 4380 Cornelium
752 4327 829 4377 illum
852 4344 885 4377 ex
903 4327 965 4389 ipse
982 4324 1127 4390 provincie
1145 4339 1206 4374 esse

94 4417 185 4465 ortum.
223 4416 260 4464 At
276 4415 427 4466 verisimile
446 4419 553 4466 tantum
572 4415 624 4464 boc
644 4418 700 4477 est,
719 4428 774 4462 non
792 4415 904 4462 eertum.
