3148 5160
226 459 240 522 “.
302 466 364 529 182
683 459 768 517 raas
790 459 820 514 n.
865 455 973 515 enarr
995 457 1025 513 u.

299 629 484 691 obtinebant.
530 629 708 708 Quicunque
736 627 815 688 enim
845 643 880 686 ex
908 626 1061 706 provincia
1089 624 1126 685 ad
1148 625 1330 684 senatoriam
1352 641 1422 702 per-

299 739 444 794 venerant
466 731 649 809 dignitatem,
673 748 734 790 non
756 728 853 790 solum
875 747 891 788 a
915 728 1042 788 Traiano
1064 728 1191 795 tertiam,
1216 726 1284 786 abl.
1302 723 1423 786 Aurelio

301 840 438 915 quartam
460 833 564 894 saltem
587 831 760 912 patrimonii
783 838 898 911 partem
921 831 953 890 in
975 827 1076 890 italica
1098 829 1219 906 praedia
1241 827 1423 888 iubebantur

301 938 440 999 conterre
448 932 495 1015 ⁷⁷),
520 935 572 996 sed
596 936 717 995 omnino
741 952 808 994 cum
832 932 899 992 liliis
922 933 986 992 suis
1009 949 1045 990 ex
1067 933 1181 1009 origine
1205 929 1421 998 eximebantur,

300 1047 333 1101 ut
355 1039 462 1100 urbem
484 1057 539 1118 pro
562 1036 624 1098 sola
647 1038 743 1116 patria
766 1034 925 1103 baberent,
955 1035 1014 1094 nisi
1041 1033 1121 1112 quod
1143 1034 1335 1112 magistratus
1357 1049 1423 1092 mu·

300 1140 443 1221 nicipales
465 1141 497 1200 in
519 1145 620 1199 vetere
643 1139 739 1217 patria
768 1138 856 1197 etiam
885 1143 953 1216 post
981 1135 1104 1215 adeptos
1132 1134 1261 1195 honores
1290 1133 1424 1194 urbanos

300 1249 439 1324 poterant
462 1260 568 1320 gerere
584 1249 613 1301 et
628 1258 666 1300 ne
682 1241 713 1300 in
736 1238 793 1298 hoc
816 1237 946 1316 quidem,
971 1244 1003 1298 ut
1024 1237 1165 1307 vidimus,
1189 1238 1340 1317 antiquam
1363 1238 1423 1296 ori-

301 1348 401 1423 ginem
423 1361 548 1424 prorsus
577 1341 780 1422 deponebant,
811 1339 891 1418 quod
921 1342 972 1416 qui
1001 1339 1037 1400 eb
1063 1340 1100 1400 iis
1125 1338 1422 1407 manumittebantur,

303 1448 368 1508 eius
391 1446 547 1525 municipii
569 1443 777 1507 efficiebantur
799 1443 981 1522 municipes,
1011 1442 1090 1502 unde
1115 1443 1174 1521 ipsi
1202 1442 1349 1518 originem
1371 1440 1424 1501 ba·

302 1544 495 1626 buerant.⁷⁸).
542 1547 605 1608 llis
628 1553 726 1608 autem
757 1551 821 1606 erat
844 1563 948 1606 eorum
972 1543 1122 1613 condicio,
1146 1545 1197 1622 qui
1219 1549 1270 1603 aut
1292 1542 1330 1605 ab
1354 1542 1423 1604 alie·

302 1667 410 1712 narum
432 1651 587 1710 civitatum
610 1648 725 1710 ciuibus
754 1653 838 1708 erant
868 1647 999 1724 adoptati
1026 1653 1076 1706 aut
1101 1646 1335 1706 manumissione
1358 1644 1424 1724 plu·

303 1755 381 1814 rium
421 1751 572 1812 civitatum
611 1751 777 1828 municipes
816 1750 901 1816 lacti;
940 1749 972 1808 in
1012 1747 1120 1808 horum
1161 1748 1284 1827 quidem
1322 1747 1425 1808 condi·

303 1856 389 1915 cione
411 1861 496 1913 vetus
517 1854 564 1913 ius
586 1871 646 1913 non
670 1869 795 1930 prorsus
816 1851 848 1911 in
875 1848 1052 1910 oblivionem
1078 1851 1212 1918 venisse,
1235 1849 1305 1910 inde
1332 1849 1424 1918 vides,

303 1955 383 2034 qnod
412 1935 552 2016 neutrum
580 1972 616 2014 ex
642 1952 690 2014 his
717 1952 880 2032 generibus
909 1951 1021 2013 tribum
1049 1950 1195 2020 mutabat,
1226 1952 1383 2013 mutabant
1404 1954 1426 2012 ii

302 2064 432 2135 tantum,
468 2058 520 2136 qui
553 2073 623 2115 vere
654 2062 682 2116 et
709 2057 831 2134 proprie
859 2057 890 2116 in
917 2053 1044 2115 alienam
1072 2054 1221 2114 civitatem
1248 2055 1426 2124 transibant,

302 2164 321 2221 i.
354 2178 379 2220 e.
416 2160 467 2236 qui
500 2156 724 2218 deducebantur
755 2159 787 2218 in
815 2155 961 2217 coloniam
996 2157 1056 2216 sive
1095 2155 1300 2233 allegebantur
1336 2156 1428 2217 bene-

302 2262 371 2322 ticio
407 2261 608 2340 imperatoris,
664 2258 726 2320 Hac
761 2258 874 2320 scilicet
910 2258 1066 2320 allectione
1107 2259 1209 2319 civitas
1249 2258 1346 2320 aliena
1383 2267 1430 2321 est

303 2369 398 2442 parta,
422 2369 452 2423 at
480 2360 567 2422 simul
596 2379 734 2440 eaquae
759 2367 845 2423 antea
874 2362 1011 2421 extiterat
1038 2360 1169 2439 perdita;
1199 2378 1297 2439 neque
1328 2363 1429 2422 minus

305 2481 377 2524 vera
398 2465 429 2524 in
453 2465 602 2524 civitatem
624 2462 742 2524 allectio
771 2467 834 2524 eret
864 2463 944 2532 eius,
974 2463 1040 2538 qui,
1070 2480 1138 2522 cum
1163 2460 1275 2522 nullius
1303 2463 1449 2523 civitatis·

304 2566 426 2635 suisset,
456 2566 488 2624 in
516 2563 644 2642 aliquam
674 2565 821 2625 civitatem
851 2570 895 2624 est
923 2559 1119 2642 receptus.⁷9)
1163 2562 1288 2640 Reliqua
1317 2581 1431 2641 genera

306 2666 483 2727 allectorum
511 2667 590 2726 cives
620 2665 740 2743 quidem
769 2665 910 2726 dicuntur
939 2665 1065 2736 duarum
1094 2667 1259 2736 civitatum,
1295 2683 1330 2725 re
1360 2683 1431 2726 vera

306 2775 405 2829 autem
428 2769 518 2830 unius
540 2775 656 2829 tantum
679 2769 758 2828 cives
781 2774 880 2835 erant,
910 2769 974 2829 eius
1003 2785 1039 2828 ex
1068 2785 1126 2846 qua
1153 2769 1299 2844 originem
1328 2766 1430 2827 trabe·

306 2870 391 2940 bant,
411 2875 500 2947 atque
516 2876 577 2931 tam
595 2869 668 2930 levis
686 2871 831 2929 momenti
849 2875 913 2930 crat
934 2869 1065 2932 secunda
1086 2867 1138 2930 illa
1153 2869 1254 2929 civitas
1270 2867 1432 2949 adoptione

305 2979 408 3052 parta,
437 2978 471 3033 ut
493 2972 728 3050 emancipatione
756 2971 946 3050 perderetur.
956 2967 992 3050 ⁸⁰)
1037 2971 1070 3032 ln
1093 2971 1215 3032 Graecis
1244 2970 1367 3048 quidem
1390 2973 1431 3031 ci·

307 3073 447 3136 vitutibus
469 3073 603 3136 Romano
625 3073 753 3152 imperio
786 3072 929 3134 subiectis
957 3072 1113 3152 multiplex
1134 3057 1366 3151 permittebatur
1389 3074 1432 3132 ci·

305 3177 389 3244 vitas,
414 3181 443 3234 at
465 3175 571 3236 Graeci
592 3175 650 3234 iam
668 3175 819 3236 Ciceronis
842 3182 936 3236 aetate
959 3174 1120 3235 multarum
1144 3175 1295 3236 civitatum
1310 3175 1434 3236 lucrant

307 3271 505 3355 homines⁸¹);
536 3285 640 3338 contra
667 3278 699 3338 in
722 3275 957 3339 occidentalibus
979 3277 1099 3354 imperii
1121 3275 1272 3356 partibus,
1301 3276 1355 3338 ubi
1383 3279 1430 3336 in-

377 3478 421 3546 77)
440 3479 512 3533 Plin.
532 3479 611 3546 epist.
630 3481 655 3540 6,
676 3481 717 3532 19.
753 3477 844 3546 capit.
863 3480 922 3532 vite
940 3480 977 3530 M.
994 3477 1059 3530 Aur.
1079 3495 1102 3530 c.
1123 3480 1164 3530 11.

377 3563 419 3628 78)
437 3565 470 3619 L.
489 3567 522 3615 22
540 3565 565 3626 ἕ.
583 3565 599 3616 ὅ
617 3566 681 3630 Dig.
701 3563 737 3615 sd
755 3567 869 3615 munic:
887 3572 1022 3616 senatores
1040 3571 1066 3614 ct
1083 3579 1169 3615 eorum
1182 3566 1232 3629 filii
1244 3567 1366 3632 filiaeque
1378 3568 1433 3616 ort-

305 3650 360 3716 9r'ni
377 3651 532 3709 eximuntur,
557 3650 651 3702 liceant
666 3651 840 3716 municipalem
855 3651 984 3701 retineant
1001 3652 1156 3714 dipsitotem.
1186 3651 1217 3703 L.
1237 3651 1283 3700 23:
1302 3651 1434 3714 municeps

308 3749 363 3785 csse
377 3735 469 3784 desinit
480 3737 636 3786 senatoriam
647 3737 757 3799 adeptus
774 3737 921 3800 dignitatem
933 3742 1051 3800 quonium
1063 3735 1099 3786 ad
1109 3750 1224 3794 munero,
1240 3742 1360 3800 quantiam
1370 3751 1433 3786 cero

308 3819 344 3870 ad
353 3819 472 3878 bonores,
488 3823 602 3871 retinere
620 3821 735 3870 creditur
751 3822 887 3886 originem·
905 3821 1013 3885 denique
1029 3821 1173 3870 manumissi
1188 3819 1220 3869 ob
1237 3833 1268 3870 co
1286 3822 1342 3870 etus
1353 3821 1434 3870 muni—

307 3905 370 3970 cipii
381 3905 526 3968 efficiantur
537 3906 688 3970 municipes,
707 3906 773 3956 unde
786 3906 907 3970 oripinem
920 3905 1006 3955 tradit.

377 3987 419 4053 79)
440 3987 563 4056 Sevigny
581 3987 619 4054 (p.
638 3991 672 4040 49
689 3991 742 4054 sq.)
761 3989 871 4055 quidem
889 3993 917 4040 et
935 3989 1017 4038 Kuhn
1034 4005 1061 4055 p.
1074 3993 1107 4042 33
1125 3987 1289 4055 simpliciter
1306 3993 1437 4042 statuunt

308 4075 447 4141 duplicem
465 4075 611 4124 civitatem
629 4061 807 4126 distinctione
825 4090 880 4126 non
898 4074 976 4125 fecte
999 4075 1073 4125 inter
1089 4075 1183 4125 varies
1202 4089 1331 4139 caussam
1357 4079 1388 4127 at
1404 4077 1438 4126 hi

307 4159 376 4210 iuris
393 4159 511 4209 Romani
529 4163 637 4208 tantum
659 4160 751 4211 fontes
773 4160 927 4225 respiciunt
949 4159 1158 4224 inscriptionum
1181 4160 1239 4212 sive
1262 4161 1389 4212 tribuum
1407 4163 1438 4212 in

307 4242 537 4309 inscriptionibus
556 4243 734 4295 iudicationis
752 4245 860 4296 ratione
878 4259 933 4307 non
951 4243 1057 4296 habita.

376 4325 421 4389 80)
440 4327 496 4378 Gir.
516 4343 600 4393 supra
618 4332 674 4382 not.
693 4330 735 4381 57.

377 4411 421 4474 81)
442 4409 502 4464 cio.
519 4427 569 4478 pro
587 4413 677 4463 Balbo
697 4415 743 4479 12,
763 4416 804 4466 30.
