<?xml version="1.0" encoding="UTF-8"?>
<!DOCTYPE html PUBLIC "-//W3C//DTD XHTML 1.0 Transitional//EN"
    "http://www.w3.org/TR/xhtml1/DTD/xhtml1-transitional.dtd">
<html xmlns="http://www.w3.org/1999/xhtml" xml:lang="en" lang="en">
 <head>
  <title>
</title>
<meta http-equiv="Content-Type" content="text/html;charset=utf-8" />
  <meta name='ocr-system' content='tesseract 3.04.00' />
  <meta name='ocr-capabilities' content='ocr_page ocr_carea ocr_par ocr_line ocrx_word'/>
</head>
<body>
  <div class='ocr_page' id='page_1' title='image "./galliaenarbonen01herzgoog_0219.png"; bbox 0 0 3148 5160; ppageno 0'>
   <div class='ocr_carea' id='block_1_1' title="bbox 509 479 1237 542">
    <p class='ocr_par' dir='ltr' id='par_1_1' title="bbox 509 479 1237 542">
     <span class='ocr_line' id='line_1_1' title="bbox 509 479 1237 542; baseline 0.004 -4"><span class='ocrx_word' id='word_1_1' title='bbox 509 479 593 538; x_wconf 82' lang='lat' dir='ltr'>PARS</span> <span class='ocrx_word' id='word_1_2' title='bbox 615 482 645 538; x_wconf 91' lang='lat' dir='ltr'><strong>ll.</strong></span> <span class='ocrx_word' id='word_1_3' title='bbox 688 480 795 536; x_wconf 82' lang='lat' dir='ltr'><strong>CAPVT</strong></span> <span class='ocrx_word' id='word_1_4' title='bbox 818 482 849 537; x_wconf 91' lang='lat' dir='ltr'><strong>ll.</strong></span> <span class='ocrx_word' id='word_1_5' title='bbox 1175 480 1237 542; x_wconf 82' lang='lat'><strong>203</strong></span> 
     </span>
    </p>
   </div>
   <div class='ocr_carea' id='block_1_2' title="bbox 132 626 1237 1235">
    <p class='ocr_par' dir='ltr' id='par_1_2' title="bbox 132 626 1237 1235">
     <span class='ocr_line' id='line_1_2' title="bbox 134 626 1235 727; baseline 0 -19"><span class='ocrx_word' id='word_1_6' title='bbox 134 647 210 719; x_wconf 90' lang='lat' dir='ltr'><strong>lium,</strong></span> <span class='ocrx_word' id='word_1_7' title='bbox 234 649 426 726; x_wconf 91' lang='lat' dir='ltr'><strong>collegiorum</strong></span> <span class='ocrx_word' id='word_1_8' title='bbox 448 649 582 727; x_wconf 91' lang='lat' dir='ltr'><strong>patronis</strong></span> <span class='ocrx_word' id='word_1_9' title='bbox 610 626 639 707; x_wconf 84' lang='lat' dir='ltr'><strong>et</strong></span> <span class='ocrx_word' id='word_1_10' title='bbox 665 650 697 706; x_wconf 92' lang='lat' dir='ltr'><strong>in</strong></span> <span class='ocrx_word' id='word_1_11' title='bbox 718 646 904 708; x_wconf 81' lang='lat' dir='ltr'><strong>Narbonensi</strong></span> <span class='ocrx_word' id='word_1_12' title='bbox 933 654 963 708; x_wconf 90' lang='lat' dir='ltr'><strong>et</strong></span> <span class='ocrx_word' id='word_1_13' title='bbox 990 650 1021 709; x_wconf 92' lang='lat' dir='ltr'><strong>in</strong></span> <span class='ocrx_word' id='word_1_14' title='bbox 1043 648 1159 726; x_wconf 84' lang='lat' dir='ltr'><strong>reliquo</strong></span> <span class='ocrx_word' id='word_1_15' title='bbox 1181 649 1235 708; x_wconf 92' lang='lat' dir='ltr'><strong>im·</strong></span> 
     </span>
     <span class='ocr_line' id='line_1_3' title="bbox 132 749 1236 830; baseline 0.001 -21"><span class='ocrx_word' id='word_1_16' title='bbox 132 751 207 829; x_wconf 84' lang='lat' dir='ltr'><strong>perio</strong></span> <span class='ocrx_word' id='word_1_17' title='bbox 234 771 321 830; x_wconf 81' lang='lat' dir='ltr'>saepe</span> <span class='ocrx_word' id='word_1_18' title='bbox 349 751 452 810; x_wconf 88' lang='lat' dir='ltr'><strong>obviis.</strong></span> <span class='ocrx_word' id='word_1_19' title='bbox 503 750 572 810; x_wconf 89' lang='lat' dir='ltr'><strong>Erat</strong></span> <span class='ocrx_word' id='word_1_20' title='bbox 601 749 714 809; x_wconf 88' lang='lat' dir='ltr'><strong>scilicet</strong></span> <span class='ocrx_word' id='word_1_21' title='bbox 743 758 886 828; x_wconf 88' lang='lat' dir='ltr'><strong>patronus</strong></span> <span class='ocrx_word' id='word_1_22' title='bbox 914 751 1069 829; x_wconf 85' lang='lat' dir='ltr'><strong>municipii</strong></span> <span class='ocrx_word' id='word_1_23' title='bbox 1103 769 1137 810; x_wconf 90' lang='lat' dir='ltr'><strong>eo</strong></span> <span class='ocrx_word' id='word_1_24' title='bbox 1169 752 1236 829; x_wconf 91' lang='lat' dir='ltr'><strong>ipso</strong></span> 
     </span>
     <span class='ocr_line' id='line_1_4' title="bbox 132 849 1235 930; baseline -0.001 -18"><span class='ocrx_word' id='word_1_25' title='bbox 132 859 264 929; x_wconf 88' lang='lat' dir='ltr'><strong>patronus</strong></span> <span class='ocrx_word' id='word_1_26' title='bbox 284 851 487 930; x_wconf 80' lang='lat' dir='ltr'><strong>Augustalium</strong></span> <span class='ocrx_word' id='word_1_27' title='bbox 511 851 547 912; x_wconf 89' lang='lat' dir='ltr'><strong>ad</strong></span> <span class='ocrx_word' id='word_1_28' title='bbox 571 869 757 912; x_wconf 90' lang='lat' dir='ltr'><strong>communem</strong></span> <span class='ocrx_word' id='word_1_29' title='bbox 785 870 872 913; x_wconf 91' lang='lat' dir='ltr'><strong>usum</strong></span> <span class='ocrx_word' id='word_1_30' title='bbox 900 853 1117 921; x_wconf 86' lang='lat' dir='ltr'><strong>institutorum,</strong></span> <span class='ocrx_word' id='word_1_31' title='bbox 1148 849 1235 913; x_wconf 91' lang='lat' dir='ltr'><strong>colle·</strong></span> 
     </span>
     <span class='ocr_line' id='line_1_5' title="bbox 133 952 1234 1034; baseline 0.003 -23"><span class='ocrx_word' id='word_1_32' title='bbox 133 954 239 1029; x_wconf 92' lang='lat' dir='ltr'><strong>giorum</strong></span> <span class='ocrx_word' id='word_1_33' title='bbox 261 960 360 1014; x_wconf 92' lang='lat' dir='ltr'><strong>autem</strong></span> <span class='ocrx_word' id='word_1_34' title='bbox 384 971 488 1014; x_wconf 85' lang='lat' dir='ltr'><strong>caussa</strong></span> <span class='ocrx_word' id='word_1_35' title='bbox 503 971 519 1014; x_wconf 90' lang='lat' dir='ltr'><strong>a</strong></span> <span class='ocrx_word' id='word_1_36' title='bbox 535 954 704 1031; x_wconf 89' lang='lat' dir='ltr'><strong>municipiis</strong></span> <span class='ocrx_word' id='word_1_37' title='bbox 726 952 820 1014; x_wconf 91' lang='lat' dir='ltr'><strong>aliena</strong></span> <span class='ocrx_word' id='word_1_38' title='bbox 836 955 962 1034; x_wconf 89' lang='lat' dir='ltr'><strong>proprio</strong></span> <span class='ocrx_word' id='word_1_39' title='bbox 979 953 1084 1031; x_wconf 90' lang='lat' dir='ltr'><strong>egebat</strong></span> <span class='ocrx_word' id='word_1_40' title='bbox 1098 961 1234 1032; x_wconf 90' lang='lat' dir='ltr'><strong>patrono.</strong></span> 
     </span>
     <span class='ocr_line' id='line_1_6' title="bbox 133 1053 1237 1134; baseline 0.001 -21"><span class='ocrx_word' id='word_1_41' title='bbox 133 1053 235 1114; x_wconf 80' lang='lat' dir='ltr'>Deinde</span> <span class='ocrx_word' id='word_1_42' title='bbox 257 1075 294 1115; x_wconf 88' lang='grc'><strong>311</strong></span> <span class='ocrx_word' id='word_1_43' title='bbox 317 1055 420 1116; x_wconf 90' lang='lat' dir='ltr'><strong>eadem</strong></span> <span class='ocrx_word' id='word_1_44' title='bbox 437 1074 537 1117; x_wconf 87' lang='lat' dir='ltr'><strong>caussa</strong></span> <span class='ocrx_word' id='word_1_45' title='bbox 554 1054 756 1134; x_wconf 77' lang='lat' dir='ltr'><strong>explicaveris</strong></span> <span class='ocrx_word' id='word_1_46' title='bbox 779 1054 869 1133; x_wconf 85' lang='lat' dir='ltr'><strong>quod,</strong></span> <span class='ocrx_word' id='word_1_47' title='bbox 893 1060 925 1114; x_wconf 92' lang='lat' dir='ltr'><strong>ut</strong></span> <span class='ocrx_word' id='word_1_48' title='bbox 946 1054 1123 1124; x_wconf 87' lang='lat' dir='ltr'><strong>videbimus,</strong></span> <span class='ocrx_word' id='word_1_49' title='bbox 1149 1055 1237 1116; x_wconf 83' lang='lat' dir='ltr'><strong>sevini</strong></span> 
     </span>
     <span class='ocr_line' id='line_1_7' title="bbox 135 1155 1234 1235; baseline 0.002 -21"><span class='ocrx_word' id='word_1_50' title='bbox 135 1156 335 1218; x_wconf 89' lang='lat' dir='ltr'><strong>communibus</strong></span> <span class='ocrx_word' id='word_1_51' title='bbox 357 1155 533 1217; x_wconf 88' lang='lat' dir='ltr'><strong>muneribus</strong></span> <span class='ocrx_word' id='word_1_52' title='bbox 555 1157 825 1235; x_wconf 90' lang='lat' dir='ltr'><strong>adstringebantur,</strong></span> <span class='ocrx_word' id='word_1_53' title='bbox 850 1155 973 1234; x_wconf 88' lang='lat' dir='ltr'><strong>collegia</strong></span> <span class='ocrx_word' id='word_1_54' title='bbox 996 1175 1054 1218; x_wconf 91' lang='lat' dir='ltr'><strong>non</strong></span> <span class='ocrx_word' id='word_1_55' title='bbox 1071 1157 1234 1234; x_wconf 89' lang='lat' dir='ltr'><strong>adstringe-</strong></span> 
     </span>
    </p>
   </div>
   <div class='ocr_carea' id='block_1_3' title="bbox 102 1359 1291 2864">
    <p class='ocr_par' dir='ltr' id='par_1_3' title="bbox 102 1359 1291 2864">
     <span class='ocr_line' id='line_1_8' title="bbox 131 1359 1235 1439; baseline 0.003 -22"><span class='ocrx_word' id='word_1_56' title='bbox 131 1365 171 1418; x_wconf 91' lang='lat' dir='ltr'><strong>est</strong></span> <span class='ocrx_word' id='word_1_57' title='bbox 190 1360 225 1420; x_wconf 94' lang='lat' dir='ltr'><strong>de</strong></span> <span class='ocrx_word' id='word_1_58' title='bbox 246 1359 471 1438; x_wconf 83' lang='lat' dir='ltr'><strong>Augustalibus,</strong></span> <span class='ocrx_word' id='word_1_59' title='bbox 496 1360 548 1421; x_wconf 91' lang='lat' dir='ltr'><strong>sed</strong></span> <span class='ocrx_word' id='word_1_60' title='bbox 571 1363 667 1438; x_wconf 90' lang='lat' dir='ltr'><strong>agitur</strong></span> <span class='ocrx_word' id='word_1_61' title='bbox 691 1360 728 1422; x_wconf 91' lang='lat' dir='ltr'><strong>de</strong></span> <span class='ocrx_word' id='word_1_62' title='bbox 751 1359 892 1438; x_wconf 82' lang='lat' dir='ltr'><strong>collegiis.</strong></span> <span class='ocrx_word' id='word_1_63' title='bbox 937 1361 1036 1422; x_wconf 91' lang='lat' dir='ltr'><strong>Possis</strong></span> <span class='ocrx_word' id='word_1_64' title='bbox 1064 1361 1183 1439; x_wconf 88' lang='lat' dir='ltr'><strong>quidem</strong></span> <span class='ocrx_word' id='word_1_65' title='bbox 1205 1361 1235 1420; x_wconf 89' lang='lat' dir='ltr'><strong>id</strong></span> 
     </span>
     <span class='ocr_line' id='line_1_9' title="bbox 128 1460 1233 1542; baseline 0.002 -23"><span class='ocrx_word' id='word_1_66' title='bbox 128 1460 191 1520; x_wconf 91' lang='lat' dir='ltr'><strong>inde</strong></span> <span class='ocrx_word' id='word_1_67' title='bbox 218 1469 371 1541; x_wconf 89' lang='lat' dir='ltr'><strong>repetere,</strong></span> <span class='ocrx_word' id='word_1_68' title='bbox 401 1461 481 1540; x_wconf 88' lang='lat' dir='ltr'><strong>quod</strong></span> <span class='ocrx_word' id='word_1_69' title='bbox 510 1480 545 1522; x_wconf 92' lang='lat' dir='ltr'><strong>eo</strong></span> <span class='ocrx_word' id='word_1_70' title='bbox 574 1469 723 1541; x_wconf 88' lang='lat' dir='ltr'><strong>tempore,</strong></span> <span class='ocrx_word' id='word_1_71' title='bbox 759 1481 819 1542; x_wconf 89' lang='lat' dir='ltr'><strong>quo</strong></span> <span class='ocrx_word' id='word_1_72' title='bbox 850 1461 967 1522; x_wconf 91' lang='lat' dir='ltr'><strong>codices</strong></span> <span class='ocrx_word' id='word_1_73' title='bbox 999 1464 1072 1523; x_wconf 91' lang='lat' dir='ltr'><strong>iuris</strong></span> <span class='ocrx_word' id='word_1_74' title='bbox 1099 1460 1233 1531; x_wconf 87' lang='lat' dir='ltr'><strong>Romani,</strong></span> 
     </span>
     <span class='ocr_line' id='line_1_10' title="bbox 129 1562 1234 1644; baseline 0.003 -24"><span class='ocrx_word' id='word_1_75' title='bbox 129 1562 227 1638; x_wconf 88' lang='lat' dir='ltr'><strong>quibus</strong></span> <span class='ocrx_word' id='word_1_76' title='bbox 249 1583 304 1625; x_wconf 94' lang='lat' dir='ltr'><strong>nos</strong></span> <span class='ocrx_word' id='word_1_77' title='bbox 327 1564 452 1632; x_wconf 90' lang='lat' dir='ltr'><strong>utimur,</strong></span> <span class='ocrx_word' id='word_1_78' title='bbox 483 1567 641 1644; x_wconf 90' lang='lat' dir='ltr'><strong>perscripti</strong></span> <span class='ocrx_word' id='word_1_79' title='bbox 669 1567 757 1634; x_wconf 77' lang='lat' dir='ltr'><strong>sunt,&#39;</strong></span> <span class='ocrx_word' id='word_1_80' title='bbox 784 1583 844 1624; x_wconf 94' lang='lat' dir='ltr'><strong>non</strong></span> <span class='ocrx_word' id='word_1_81' title='bbox 872 1565 931 1624; x_wconf 91' lang='lat' dir='ltr'><strong>iam</strong></span> <span class='ocrx_word' id='word_1_82' title='bbox 954 1565 1115 1625; x_wconf 85' lang='lat' dir='ltr'><strong>extiterunt</strong></span> <span class='ocrx_word' id='word_1_83' title='bbox 1136 1565 1234 1640; x_wconf 89' lang='lat' dir='ltr'><strong>Augu-</strong></span> 
     </span>
     <span class='ocr_line' id='line_1_11' title="bbox 128 1663 1233 1745; baseline 0.005 -24"><span class='ocrx_word' id='word_1_84' title='bbox 128 1663 222 1734; x_wconf 88' lang='lat' dir='ltr'><strong>stales;</strong></span> <span class='ocrx_word' id='word_1_85' title='bbox 246 1674 275 1726; x_wconf 94' lang='grc'><strong>31</strong></span> <span class='ocrx_word' id='word_1_86' title='bbox 297 1684 335 1726; x_wconf 87' lang='grc'><strong>33</strong></span> <span class='ocrx_word' id='word_1_87' title='bbox 357 1667 389 1725; x_wconf 91' lang='lat' dir='ltr'><strong>in</strong></span> <span class='ocrx_word' id='word_1_88' title='bbox 411 1666 447 1724; x_wconf 92' lang='lat' dir='ltr'><strong>iis</strong></span> <span class='ocrx_word' id='word_1_89' title='bbox 470 1665 588 1742; x_wconf 87' lang='lat' dir='ltr'><strong>quidem</strong></span> <span class='ocrx_word' id='word_1_90' title='bbox 612 1669 685 1728; x_wconf 91' lang='lat' dir='ltr'><strong>iuris</strong></span> <span class='ocrx_word' id='word_1_91' title='bbox 707 1666 832 1727; x_wconf 89' lang='lat' dir='ltr'><strong>Romani</strong></span> <span class='ocrx_word' id='word_1_92' title='bbox 855 1666 1000 1735; x_wconf 89' lang='lat' dir='ltr'><strong>lontibus,</strong></span> <span class='ocrx_word' id='word_1_93' title='bbox 1024 1667 1075 1745; x_wconf 89' lang='lat' dir='ltr'><strong>qui</strong></span> <span class='ocrx_word' id='word_1_94' title='bbox 1091 1666 1233 1727; x_wconf 88' lang='lat' dir='ltr'><strong>Constan-</strong></span> 
     </span>
     <span class='ocr_line' id='line_1_12' title="bbox 104 1765 1235 1846; baseline 0.004 -24"><span class='ocrx_word' id='word_1_95' title='bbox 104 1824 108 1834; x_wconf 68' lang='grc'>,</span> <span class='ocrx_word' id='word_1_96' title='bbox 127 1765 182 1824; x_wconf 83' lang='grc'><strong>1133</strong></span> <span class='ocrx_word' id='word_1_97' title='bbox 204 1770 369 1828; x_wconf 88' lang='lat' dir='ltr'><strong>anteriores</strong></span> <span class='ocrx_word' id='word_1_98' title='bbox 392 1768 745 1830; x_wconf 56' lang='grc'><strong>33333311333131111113</strong></span> <span class='ocrx_word' id='word_1_99' title='bbox 772 1768 939 1837; x_wconf 85' lang='lat' dir='ltr'><strong>codicibus,</strong></span> <span class='ocrx_word' id='word_1_100' title='bbox 970 1767 1175 1846; x_wconf 82' lang='lat' dir='ltr'><strong>Augustalium</strong></span> <span class='ocrx_word' id='word_1_101' title='bbox 1203 1770 1235 1829; x_wconf 88' lang='lat' dir='ltr'><strong>lit</strong></span> 
     </span>
     <span class='ocr_line' id='line_1_13' title="bbox 127 1868 1233 1948; baseline 0.002 -22"><span class='ocrx_word' id='word_1_102' title='bbox 127 1870 236 1928; x_wconf 90' lang='lat' dir='ltr'><strong>mentio.</strong></span> <span class='ocrx_word' id='word_1_103' title='bbox 268 1868 403 1946; x_wconf 88' lang='lat' dir='ltr'><strong>Agebant</strong></span> <span class='ocrx_word' id='word_1_104' title='bbox 426 1870 505 1929; x_wconf 92' lang='lat' dir='ltr'><strong>cuim</strong></span> <span class='ocrx_word' id='word_1_105' title='bbox 527 1869 596 1930; x_wconf 80' lang='lat' dir='ltr'><strong>libri</strong></span> <span class='ocrx_word' id='word_1_106' title='bbox 617 1871 692 1930; x_wconf 91' lang='lat' dir='ltr'><strong>iuris</strong></span> <span class='ocrx_word' id='word_1_107' title='bbox 714 1869 840 1930; x_wconf 88' lang='lat' dir='ltr'><strong>Romani</strong></span> <span class='ocrx_word' id='word_1_108' title='bbox 863 1870 899 1930; x_wconf 95' lang='lat' dir='ltr'><strong>de</strong></span> <span class='ocrx_word' id='word_1_109' title='bbox 922 1872 986 1930; x_wconf 90' lang='lat' dir='ltr'><strong>iure</strong></span> <span class='ocrx_word' id='word_1_110' title='bbox 1008 1871 1123 1948; x_wconf 87' lang='lat' dir='ltr'><strong>privato</strong></span> <span class='ocrx_word' id='word_1_111' title='bbox 1139 1871 1233 1929; x_wconf 91' lang='lat' dir='ltr'><strong>omui·</strong></span> 
     </span>
     <span class='ocr_line' id='line_1_14' title="bbox 126 1966 1233 2050; baseline 0.004 -23"><span class='ocrx_word' id='word_1_112' title='bbox 126 1966 176 2028; x_wconf 92' lang='lat' dir='ltr'><strong>bus</strong></span> <span class='ocrx_word' id='word_1_113' title='bbox 198 1969 309 2031; x_wconf 90' lang='lat' dir='ltr'><strong>civibus</strong></span> <span class='ocrx_word' id='word_1_114' title='bbox 331 1969 472 2032; x_wconf 89' lang='lat' dir='ltr'><strong>Romanis</strong></span> <span class='ocrx_word' id='word_1_115' title='bbox 495 1974 661 2040; x_wconf 89' lang='lat' dir='ltr'><strong>communi,</strong></span> <span class='ocrx_word' id='word_1_116' title='bbox 685 1971 722 2031; x_wconf 93' lang='lat' dir='ltr'><strong>de</strong></span> <span class='ocrx_word' id='word_1_117' title='bbox 738 1970 916 2048; x_wconf 89' lang='lat' dir='ltr'><strong>quibusdam</strong></span> <span class='ocrx_word' id='word_1_118' title='bbox 938 1973 1013 2032; x_wconf 91' lang='lat' dir='ltr'><strong>iuris</strong></span> <span class='ocrx_word' id='word_1_119' title='bbox 1034 1970 1144 2050; x_wconf 81' lang='lat' dir='ltr'><strong>publici</strong></span> <span class='ocrx_word' id='word_1_120' title='bbox 1165 1990 1233 2050; x_wconf 91' lang='lat' dir='ltr'><strong>par-</strong></span> 
     </span>
     <span class='ocr_line' id='line_1_15' title="bbox 126 2068 1232 2151; baseline 0.004 -23"><span class='ocrx_word' id='word_1_121' title='bbox 126 2068 211 2140; x_wconf 81' lang='grc'><strong>111133,</strong></span> <span class='ocrx_word' id='word_1_122' title='bbox 234 2071 271 2132; x_wconf 93' lang='lat' dir='ltr'><strong>de</strong></span> <span class='ocrx_word' id='word_1_123' title='bbox 294 2073 527 2151; x_wconf 82' lang='lat' dir='ltr'><strong>municipiorum</strong></span> <span class='ocrx_word' id='word_1_124' title='bbox 551 2090 620 2151; x_wconf 91' lang='lat' dir='ltr'><strong>erga</strong></span> <span class='ocrx_word' id='word_1_125' title='bbox 642 2073 800 2151; x_wconf 88' lang='lat' dir='ltr'><strong>imperium</strong></span> <span class='ocrx_word' id='word_1_126' title='bbox 825 2074 929 2133; x_wconf 82' lang='lat' dir='ltr'><strong>officiis</strong></span> <span class='ocrx_word' id='word_1_127' title='bbox 956 2074 1017 2132; x_wconf 90' lang='lat' dir='ltr'><strong>sive</strong></span> <span class='ocrx_word' id='word_1_128' title='bbox 1046 2070 1083 2132; x_wconf 91' lang='lat' dir='ltr'><strong>de</strong></span> <span class='ocrx_word' id='word_1_129' title='bbox 1110 2091 1145 2133; x_wconf 91' lang='grc'><strong>13</strong></span> <span class='ocrx_word' id='word_1_130' title='bbox 1167 2090 1232 2132; x_wconf 93' lang='lat' dir='ltr'><strong>mu·</strong></span> 
     </span>
     <span class='ocr_line' id='line_1_16' title="bbox 125 2172 1235 2253; baseline 0.004 -23"><span class='ocrx_word' id='word_1_131' title='bbox 125 2172 251 2252; x_wconf 89' lang='lat' dir='ltr'><strong>nicipali,</strong></span> <span class='ocrx_word' id='word_1_132' title='bbox 276 2173 373 2250; x_wconf 90' lang='lat' dir='ltr'><strong>quoad</strong></span> <span class='ocrx_word' id='word_1_133' title='bbox 396 2174 590 2236; x_wconf 89' lang='lat' dir='ltr'><strong>conveniebat</strong></span> <span class='ocrx_word' id='word_1_134' title='bbox 611 2193 679 2250; x_wconf 90' lang='lat' dir='ltr'><strong>cum</strong></span> <span class='ocrx_word' id='word_1_135' title='bbox 700 2176 843 2234; x_wconf 90' lang='lat' dir='ltr'><strong>institutis</strong></span> <span class='ocrx_word' id='word_1_136' title='bbox 864 2173 997 2253; x_wconf 89' lang='lat' dir='ltr'><strong>imperii,</strong></span> <span class='ocrx_word' id='word_1_137' title='bbox 1026 2192 1086 2233; x_wconf 89' lang='lat' dir='ltr'><strong>nou</strong></span> <span class='ocrx_word' id='word_1_138' title='bbox 1109 2173 1235 2252; x_wconf 88' lang='lat' dir='ltr'><strong>agebant</strong></span> 
     </span>
     <span class='ocr_line' id='line_1_17' title="bbox 126 2271 1234 2355; baseline 0.002 -23"><span class='ocrx_word' id='word_1_139' title='bbox 126 2271 158 2332; x_wconf 91' lang='lat' dir='ltr'><strong>dc</strong></span> <span class='ocrx_word' id='word_1_140' title='bbox 178 2275 241 2334; x_wconf 90' lang='lat' dir='ltr'><strong>iure</strong></span> <span class='ocrx_word' id='word_1_141' title='bbox 263 2275 437 2355; x_wconf 86' lang='lat' dir='ltr'><strong>municipali</strong></span> <span class='ocrx_word' id='word_1_142' title='bbox 459 2278 592 2336; x_wconf 85' lang='lat' dir='ltr'><strong>interno:</strong></span> <span class='ocrx_word' id='word_1_143' title='bbox 622 2276 820 2354; x_wconf 71' lang='lat' dir='ltr'><strong>Augustalibus</strong></span> <span class='ocrx_word' id='word_1_144' title='bbox 849 2283 947 2338; x_wconf 91' lang='lat' dir='ltr'><strong>autem</strong></span> <span class='ocrx_word' id='word_1_145' title='bbox 974 2277 1142 2336; x_wconf 90' lang='lat' dir='ltr'><strong>institutum</strong></span> <span class='ocrx_word' id='word_1_146' title='bbox 1171 2282 1234 2335; x_wconf 88' lang='lat' dir='ltr'><strong>erat</strong></span> 
     </span>
     <span class='ocr_line' id='line_1_18' title="bbox 124 2365 1233 2456; baseline 0.003 -21"><span class='ocrx_word' id='word_1_147' title='bbox 124 2375 294 2456; x_wconf 79' lang='lat' dir='ltr'><strong>municipale</strong></span> <span class='ocrx_word' id='word_1_148' title='bbox 316 2378 484 2446; x_wconf 90' lang='lat' dir='ltr'><strong>internum;</strong></span> <span class='ocrx_word' id='word_1_149' title='bbox 516 2385 617 2438; x_wconf 91' lang='lat' dir='ltr'><strong>contra</strong></span> <span class='ocrx_word' id='word_1_150' title='bbox 646 2380 816 2440; x_wconf 89' lang='lat' dir='ltr'><strong>tenuiorum</strong></span> <span class='ocrx_word' id='word_1_151' title='bbox 844 2365 1027 2440; x_wconf 88' lang='lat' dir='ltr'><strong>consuetudo</strong></span> <span class='ocrx_word' id='word_1_152' title='bbox 1057 2377 1183 2439; x_wconf 72' lang='lat' dir='ltr'><strong>coeundi</strong></span> <span class='ocrx_word' id='word_1_153' title='bbox 1203 2379 1233 2438; x_wconf 95' lang='lat' dir='ltr'><strong>in</strong></span> 
     </span>
     <span class='ocr_line' id='line_1_19' title="bbox 124 2476 1231 2558; baseline 0.005 -24"><span class='ocrx_word' id='word_1_154' title='bbox 124 2476 247 2558; x_wconf 91' lang='lat' dir='ltr'><strong>collegia,</strong></span> <span class='ocrx_word' id='word_1_155' title='bbox 272 2480 380 2557; x_wconf 88' lang='lat' dir='ltr'><strong>stipam</strong></span> <span class='ocrx_word' id='word_1_156' title='bbox 404 2487 586 2540; x_wconf 79' lang='lat' dir='ltr'><strong>menstruam</strong></span> <span class='ocrx_word' id='word_1_157' title='bbox 609 2481 791 2549; x_wconf 80' lang='lat' dir='ltr'><strong>conserendi,</strong></span> <span class='ocrx_word' id='word_1_158' title='bbox 816 2482 905 2544; x_wconf 89' lang='lat' dir='ltr'><strong>certis</strong></span> <span class='ocrx_word' id='word_1_159' title='bbox 927 2479 1033 2540; x_wconf 90' lang='lat' dir='ltr'><strong>diebus</strong></span> <span class='ocrx_word' id='word_1_160' title='bbox 1056 2487 1158 2540; x_wconf 92' lang='lat' dir='ltr'><strong>coctus</strong></span> <span class='ocrx_word' id='word_1_161' title='bbox 1181 2479 1231 2540; x_wconf 90' lang='lat' dir='ltr'><strong>ba·</strong></span> 
     </span>
     <span class='ocr_line' id='line_1_20' title="bbox 122 2574 1233 2664; baseline 0.005 -28"><span class='ocrx_word' id='word_1_162' title='bbox 122 2574 228 2660; x_wconf 30' lang='lat' dir='ltr'><strong>bendig</strong></span> <span class='ocrx_word' id='word_1_163' title='bbox 242 2587 272 2641; x_wconf 90' lang='lat' dir='ltr'><strong>ct</strong></span> <span class='ocrx_word' id='word_1_164' title='bbox 301 2578 493 2658; x_wconf 88' lang='lat' dir='ltr'><strong>collegiorum</strong></span> <span class='ocrx_word' id='word_1_165' title='bbox 516 2601 625 2643; x_wconf 90' lang='lat' dir='ltr'><strong>munus</strong></span> <span class='ocrx_word' id='word_1_166' title='bbox 647 2583 775 2664; x_wconf 91' lang='lat' dir='ltr'><strong>publicis</strong></span> <span class='ocrx_word' id='word_1_167' title='bbox 797 2581 901 2644; x_wconf 91' lang='lat' dir='ltr'><strong>usibus</strong></span> <span class='ocrx_word' id='word_1_168' title='bbox 923 2581 1104 2642; x_wconf 88' lang='lat' dir='ltr'><strong>inserviendi</strong></span> <span class='ocrx_word' id='word_1_169' title='bbox 1131 2588 1233 2661; x_wconf 89' lang='lat' dir='ltr'><strong>aperte</strong></span> 
     </span>
     <span class='ocr_line' id='line_1_21' title="bbox 106 2679 1291 2762; baseline 0.003 -23"><span class='ocrx_word' id='word_1_170' title='bbox 106 2679 224 2757; x_wconf 74' lang='lat' dir='ltr'><strong>&#39;publici</strong></span> <span class='ocrx_word' id='word_1_171' title='bbox 248 2687 335 2742; x_wconf 90' lang='lat' dir='ltr'><strong>crant</strong></span> <span class='ocrx_word' id='word_1_172' title='bbox 355 2684 438 2752; x_wconf 88' lang='lat' dir='ltr'><strong>iuris,</strong></span> <span class='ocrx_word' id='word_1_173' title='bbox 461 2682 588 2762; x_wconf 85' lang='lat' dir='ltr'><strong>ideoque</strong></span> <span class='ocrx_word' id='word_1_174' title='bbox 603 2683 676 2745; x_wconf 90' lang='lat' dir='ltr'><strong>baec</strong></span> <span class='ocrx_word' id='word_1_175' title='bbox 699 2686 819 2746; x_wconf 91' lang='lat' dir='ltr'><strong>suntin</strong></span> <span class='ocrx_word' id='word_1_176' title='bbox 842 2683 926 2744; x_wconf 90' lang='lat' dir='ltr'><strong>libris</strong></span> <span class='ocrx_word' id='word_1_177' title='bbox 940 2685 1015 2744; x_wconf 91' lang='lat' dir='ltr'><strong>iuris</strong></span> <span class='ocrx_word' id='word_1_178' title='bbox 1030 2682 1164 2744; x_wconf 86' lang='lat' dir='ltr'><strong>Romani.</strong></span> <span class='ocrx_word' id='word_1_179' title='bbox 1199 2681 1232 2742; x_wconf 93' lang='lat' dir='ltr'><strong>ln</strong></span> <span class='ocrx_word' id='word_1_180' title='bbox 1288 2711 1291 2716; x_wconf 93' lang='lat'>·</span> 
     </span>
     <span class='ocr_line' id='line_1_22' title="bbox 102 2784 1232 2864; baseline 0.002 -23"><span class='ocrx_word' id='word_1_181' title='bbox 102 2785 153 2839; x_wconf 87' lang='lat' dir='ltr'><strong>&#39;eo</strong></span> <span class='ocrx_word' id='word_1_182' title='bbox 181 2789 295 2844; x_wconf 90' lang='lat' dir='ltr'><strong>tantum</strong></span> <span class='ocrx_word' id='word_1_183' title='bbox 326 2790 404 2852; x_wconf 88' lang='lat' dir='ltr'><strong>erat,</strong></span> <span class='ocrx_word' id='word_1_184' title='bbox 435 2785 513 2861; x_wconf 90' lang='lat' dir='ltr'><strong>quod</strong></span> <span class='ocrx_word' id='word_1_185' title='bbox 535 2785 739 2863; x_wconf 84' lang='lat' dir='ltr'><strong>Augustalium</strong></span> <span class='ocrx_word' id='word_1_186' title='bbox 763 2803 882 2864; x_wconf 86' lang='lat' dir='ltr'><strong>quoque</strong></span> <span class='ocrx_word' id='word_1_187' title='bbox 909 2787 985 2846; x_wconf 89' lang='lat' dir='ltr'><strong>ratio</strong></span> <span class='ocrx_word' id='word_1_188' title='bbox 1012 2784 1174 2846; x_wconf 89' lang='lat' dir='ltr'><strong>baberetur</strong></span> <span class='ocrx_word' id='word_1_189' title='bbox 1201 2785 1232 2844; x_wconf 92' lang='lat' dir='ltr'><strong>in</strong></span> 
     </span>
    </p>
   </div>
   <div class='ocr_carea' id='block_1_4' title="bbox 120 2883 1327 2966">
    <p class='ocr_par' dir='ltr' id='par_1_4' title="bbox 120 2883 1327 2966">
     <span class='ocr_line' id='line_1_23' title="bbox 120 2883 1327 2966; baseline 0.006 -24"><span class='ocrx_word' id='word_1_190' title='bbox 120 2883 179 2942; x_wconf 85' lang='lat' dir='ltr'><strong>iura</strong></span> <span class='ocrx_word' id='word_1_191' title='bbox 201 2885 294 2954; x_wconf 86' lang='lat' dir='ltr'><strong>civili,</strong></span> <span class='ocrx_word' id='word_1_192' title='bbox 320 2886 399 2961; x_wconf 91' lang='lat' dir='ltr'><strong>quod</strong></span> <span class='ocrx_word' id='word_1_193' title='bbox 427 2888 575 2965; x_wconf 89' lang='lat' dir='ltr'><strong>permissu</strong></span> <span class='ocrx_word' id='word_1_194' title='bbox 598 2887 855 2948; x_wconf 81' lang='lat' dir='ltr'><strong>constituebantur</strong></span> <span class='ocrx_word' id='word_1_195' title='bbox 876 2889 1066 2966; x_wconf 91' lang='lat' dir='ltr'><strong>imperatoris</strong></span> <span class='ocrx_word' id='word_1_196' title='bbox 1093 2886 1232 2964; x_wconf 86' lang='lat' dir='ltr'><strong>quodque</strong></span> <span class='ocrx_word' id='word_1_197' title='bbox 1325 2945 1327 2949; x_wconf 87' lang='lat'>.</span> 
     </span>
    </p>
   </div>
   <div class='ocr_carea' id='block_1_5' title="bbox 115 2983 1232 4187">
    <p class='ocr_par' dir='ltr' id='par_1_5' title="bbox 118 2983 1232 3576">
     <span class='ocr_line' id='line_1_24' title="bbox 119 2983 1230 3071; baseline 0.003 -28"><span class='ocrx_word' id='word_1_198' title='bbox 119 2983 190 3046; x_wconf 93' lang='lat' dir='ltr'><strong>bona</strong></span> <span class='ocrx_word' id='word_1_199' title='bbox 213 3005 318 3047; x_wconf 87' lang='lat' dir='ltr'><strong>eorum</strong></span> <span class='ocrx_word' id='word_1_200' title='bbox 340 2986 433 3071; x_wconf 89' lang='lat' dir='ltr'><strong>tutela</strong></span> <span class='ocrx_word' id='word_1_201' title='bbox 454 2990 529 3049; x_wconf 92' lang='lat' dir='ltr'><strong>iuris</strong></span> <span class='ocrx_word' id='word_1_202' title='bbox 550 2989 740 3050; x_wconf 85' lang='lat' dir='ltr'><strong>fruebantur:</strong></span> <span class='ocrx_word' id='word_1_203' title='bbox 771 2994 800 3050; x_wconf 93' lang='lat' dir='ltr'><strong>at</strong></span> <span class='ocrx_word' id='word_1_204' title='bbox 822 2991 852 3048; x_wconf 93' lang='lat' dir='ltr'><strong>in</strong></span> <span class='ocrx_word' id='word_1_205' title='bbox 875 2996 1000 3064; x_wconf 86' lang='lat' dir='ltr'><strong>utraque</strong></span> <span class='ocrx_word' id='word_1_206' title='bbox 1023 2987 1077 3049; x_wconf 90' lang='lat' dir='ltr'><strong>bac</strong></span> <span class='ocrx_word' id='word_1_207' title='bbox 1099 3006 1133 3048; x_wconf 90' lang='lat' dir='ltr'><strong>re</strong></span> <span class='ocrx_word' id='word_1_208' title='bbox 1160 3004 1230 3047; x_wconf 93' lang='lat' dir='ltr'><strong>con·</strong></span> 
     </span>
     <span class='ocr_line' id='line_1_25' title="bbox 121 3076 1230 3170; baseline 0.004 -27"><span class='ocrx_word' id='word_1_209' title='bbox 121 3087 269 3161; x_wconf 88' lang='lat' dir='ltr'><strong>veniebant</strong></span> <span class='ocrx_word' id='word_1_210' title='bbox 298 3105 366 3149; x_wconf 91' lang='lat' dir='ltr'><strong>cum</strong></span> <span class='ocrx_word' id='word_1_211' title='bbox 395 3089 518 3169; x_wconf 90' lang='lat' dir='ltr'><strong>reliquis</strong></span> <span class='ocrx_word' id='word_1_212' title='bbox 540 3090 731 3170; x_wconf 78' lang='lat' dir='ltr'><strong>corporibuS,</strong></span> <span class='ocrx_word' id='word_1_213' title='bbox 756 3097 789 3151; x_wconf 94' lang='lat' dir='ltr'><strong>ut</strong></span> <span class='ocrx_word' id='word_1_214' title='bbox 816 3109 891 3169; x_wconf 88' lang='lat' dir='ltr'><strong>quae</strong></span> <span class='ocrx_word' id='word_1_215' title='bbox 919 3092 948 3149; x_wconf 94' lang='lat' dir='ltr'><strong>in</strong></span> <span class='ocrx_word' id='word_1_216' title='bbox 977 3076 1050 3149; x_wconf 88' lang='grc'><strong>11333</strong></span> <span class='ocrx_word' id='word_1_217' title='bbox 1077 3087 1230 3157; x_wconf 86' lang='grc'><strong>3311311331,</strong></span> 
     </span>
     <span class='ocr_line' id='line_1_26' title="bbox 120 3189 1232 3271; baseline 0.003 -24"><span class='ocrx_word' id='word_1_218' title='bbox 120 3189 254 3251; x_wconf 85' lang='lat' dir='ltr'><strong>caderent</strong></span> <span class='ocrx_word' id='word_1_219' title='bbox 281 3209 318 3251; x_wconf 94' lang='grc'><strong>33</strong></span> <span class='ocrx_word' id='word_1_220' title='bbox 340 3193 406 3271; x_wconf 90' lang='lat' dir='ltr'><strong>ipso</strong></span> <span class='ocrx_word' id='word_1_221' title='bbox 427 3192 458 3251; x_wconf 93' lang='lat' dir='ltr'><strong>in</strong></span> <span class='ocrx_word' id='word_1_222' title='bbox 473 3191 657 3270; x_wconf 86' lang='lat' dir='ltr'><strong>Augustales.</strong></span> <span class='ocrx_word' id='word_1_223' title='bbox 690 3192 772 3263; x_wconf 81' lang='lat' dir='ltr'><strong>Quae</strong></span> <span class='ocrx_word' id='word_1_224' title='bbox 795 3210 862 3252; x_wconf 91' lang='lat' dir='ltr'><strong>cum</strong></span> <span class='ocrx_word' id='word_1_225' title='bbox 883 3193 924 3250; x_wconf 91' lang='lat' dir='ltr'><strong>ita</strong></span> <span class='ocrx_word' id='word_1_226' title='bbox 947 3198 1054 3259; x_wconf 90' lang='lat' dir='ltr'><strong>essent,</strong></span> <span class='ocrx_word' id='word_1_227' title='bbox 1079 3190 1232 3251; x_wconf 89' lang='lat' dir='ltr'><strong>diversitas</strong></span> 
     </span>
     <span class='ocr_line' id='line_1_27' title="bbox 119 3287 1232 3372; baseline 0.002 -24"><span class='ocrx_word' id='word_1_228' title='bbox 119 3287 239 3352; x_wconf 93' lang='lat' dir='ltr'><strong>duorum</strong></span> <span class='ocrx_word' id='word_1_229' title='bbox 264 3311 426 3372; x_wconf 91' lang='lat' dir='ltr'><strong>corporum</strong></span> <span class='ocrx_word' id='word_1_230' title='bbox 450 3295 521 3354; x_wconf 92' lang='lat' dir='ltr'><strong>satis</strong></span> <span class='ocrx_word' id='word_1_231' title='bbox 542 3311 646 3371; x_wconf 92' lang='lat' dir='ltr'><strong>magna</strong></span> <span class='ocrx_word' id='word_1_232' title='bbox 670 3300 746 3363; x_wconf 91' lang='lat' dir='ltr'><strong>erat,</strong></span> <span class='ocrx_word' id='word_1_233' title='bbox 770 3299 817 3362; x_wconf 92' lang='lat' dir='ltr'><strong>ut,</strong></span> <span class='ocrx_word' id='word_1_234' title='bbox 842 3295 892 3370; x_wconf 90' lang='lat' dir='ltr'><strong>qui</strong></span> <span class='ocrx_word' id='word_1_235' title='bbox 915 3299 945 3352; x_wconf 93' lang='lat' dir='ltr'><strong>et</strong></span> <span class='ocrx_word' id='word_1_236' title='bbox 967 3294 1043 3353; x_wconf 85' lang='lat' dir='ltr'><strong>sevir</strong></span> <span class='ocrx_word' id='word_1_237' title='bbox 1065 3290 1232 3370; x_wconf 87' lang='lat' dir='ltr'><strong>Augustalis</strong></span> 
     </span>
     <span class='ocr_line' id='line_1_28' title="bbox 119 3392 1231 3475; baseline 0.007 -25"><span class='ocrx_word' id='word_1_238' title='bbox 119 3398 145 3450; x_wconf 88' lang='lat' dir='ltr'><strong>ct</strong></span> <span class='ocrx_word' id='word_1_239' title='bbox 165 3401 343 3472; x_wconf 89' lang='lat' dir='ltr'><strong>corporatus</strong></span> <span class='ocrx_word' id='word_1_240' title='bbox 365 3394 489 3456; x_wconf 89' lang='lat' dir='ltr'><strong>alicuius</strong></span> <span class='ocrx_word' id='word_1_241' title='bbox 512 3394 628 3473; x_wconf 89' lang='lat' dir='ltr'><strong>collegii</strong></span> <span class='ocrx_word' id='word_1_242' title='bbox 651 3395 789 3475; x_wconf 88' lang='lat' dir='ltr'><strong>opificum</strong></span> <span class='ocrx_word' id='word_1_243' title='bbox 813 3403 876 3455; x_wconf 93' lang='grc'><strong>3131</strong></span> <span class='ocrx_word' id='word_1_244' title='bbox 900 3394 958 3475; x_wconf 82' lang='grc'><strong>(33.</strong></span> <span class='ocrx_word' id='word_1_245' title='bbox 977 3400 1047 3460; x_wconf 87' lang='grc'><strong>344.</strong></span> <span class='ocrx_word' id='word_1_246' title='bbox 1066 3392 1147 3473; x_wconf 84' lang='grc'><strong>381),</strong></span> <span class='ocrx_word' id='word_1_247' title='bbox 1171 3411 1231 3454; x_wconf 86' lang='lat' dir='ltr'><strong>uon</strong></span> 
     </span>
     <span class='ocr_line' id='line_1_29' title="bbox 118 3491 1230 3576; baseline 0.004 -25"><span class='ocrx_word' id='word_1_248' title='bbox 118 3497 268 3556; x_wconf 88' lang='grc'><strong>133313131</strong></span> <span class='ocrx_word' id='word_1_249' title='bbox 292 3514 330 3564; x_wconf 72' lang='lat' dir='ltr'><strong>ea,</strong></span> <span class='ocrx_word' id='word_1_250' title='bbox 349 3496 428 3574; x_wconf 89' lang='lat' dir='ltr'><strong>lege,</strong></span> <span class='ocrx_word' id='word_1_251' title='bbox 452 3516 528 3576; x_wconf 87' lang='lat' dir='ltr'><strong>quae</strong></span> <span class='ocrx_word' id='word_1_252' title='bbox 550 3496 667 3557; x_wconf 91' lang='lat' dir='ltr'><strong>vetabat</strong></span> <span class='ocrx_word' id='word_1_253' title='bbox 688 3496 755 3575; x_wconf 94' lang='lat' dir='ltr'><strong>plus</strong></span> <span class='ocrx_word' id='word_1_254' title='bbox 770 3513 863 3556; x_wconf 93' lang='lat' dir='ltr'><strong>unum</strong></span> <span class='ocrx_word' id='word_1_255' title='bbox 879 3495 989 3556; x_wconf 90' lang='lat' dir='ltr'><strong>habere</strong></span> <span class='ocrx_word' id='word_1_256' title='bbox 1005 3491 1230 3574; x_wconf 76' lang='lat' dir='ltr'><strong>collegium¹¹⁹l</strong></span> 
     </span>
    </p>

    <p class='ocr_par' dir='ltr' id='par_1_6' title="bbox 115 3583 1230 4187">
     <span class='ocr_line' id='line_1_30' title="bbox 195 3583 1229 3678; baseline -0.001 -20"><span class='ocrx_word' id='word_1_257' title='bbox 195 3599 232 3658; x_wconf 90' lang='lat' dir='ltr'><strong>At</strong></span> <span class='ocrx_word' id='word_1_258' title='bbox 256 3599 373 3659; x_wconf 88' lang='lat' dir='ltr'><strong>etiamsi</strong></span> <span class='ocrx_word' id='word_1_259' title='bbox 401 3601 522 3678; x_wconf 91' lang='lat' dir='ltr'><strong>proprie</strong></span> <span class='ocrx_word' id='word_1_260' title='bbox 550 3598 736 3678; x_wconf 91' lang='lat' dir='ltr'><strong>municipalia</strong></span> <span class='ocrx_word' id='word_1_261' title='bbox 766 3583 899 3659; x_wconf 88' lang='lat' dir='ltr'><strong>instituta</strong></span> <span class='ocrx_word' id='word_1_262' title='bbox 920 3605 1088 3658; x_wconf 87' lang='lat' dir='ltr'><strong>nouerant</strong></span> <span class='ocrx_word' id='word_1_263' title='bbox 1114 3596 1229 3658; x_wconf 88' lang='lat' dir='ltr'><strong>illate-</strong></span> 
     </span>
     <span class='ocr_line' id='line_1_31' title="bbox 117 3698 1230 3778; baseline 0.004 -23"><span class='ocrx_word' id='word_1_264' title='bbox 117 3699 252 3760; x_wconf 91' lang='lat' dir='ltr'><strong>nuiorum</strong></span> <span class='ocrx_word' id='word_1_265' title='bbox 276 3698 415 3776; x_wconf 90' lang='lat' dir='ltr'><strong>collegia,</strong></span> <span class='ocrx_word' id='word_1_266' title='bbox 440 3707 537 3761; x_wconf 92' lang='lat' dir='ltr'><strong>tamen</strong></span> <span class='ocrx_word' id='word_1_267' title='bbox 566 3719 582 3761; x_wconf 96' lang='lat' dir='ltr'><strong>a</strong></span> <span class='ocrx_word' id='word_1_268' title='bbox 605 3701 754 3761; x_wconf 91' lang='lat' dir='ltr'><strong>communi</strong></span> <span class='ocrx_word' id='word_1_269' title='bbox 783 3700 1011 3778; x_wconf 90' lang='lat' dir='ltr'><strong>municipiorum</strong></span> <span class='ocrx_word' id='word_1_270' title='bbox 1040 3717 1144 3762; x_wconf 90' lang='lat' dir='ltr'><strong>caussa</strong></span> <span class='ocrx_word' id='word_1_271' title='bbox 1170 3717 1230 3760; x_wconf 91' lang='lat' dir='ltr'><strong>uon</strong></span> 
     </span>
     <span class='ocr_line' id='line_1_32' title="bbox 116 3800 1228 3881; baseline 0.002 -23"><span class='ocrx_word' id='word_1_272' title='bbox 116 3815 236 3875; x_wconf 91' lang='lat' dir='ltr'><strong>prorsus</strong></span> <span class='ocrx_word' id='word_1_273' title='bbox 261 3806 348 3860; x_wconf 91' lang='lat' dir='ltr'><strong>erant</strong></span> <span class='ocrx_word' id='word_1_274' title='bbox 370 3800 472 3862; x_wconf 92' lang='lat' dir='ltr'><strong>aliena.</strong></span> <span class='ocrx_word' id='word_1_275' title='bbox 518 3801 612 3862; x_wconf 92' lang='lat' dir='ltr'><strong>lmmo</strong></span> <span class='ocrx_word' id='word_1_276' title='bbox 635 3803 761 3862; x_wconf 83' lang='lat' dir='ltr'><strong>maxime</strong></span> <span class='ocrx_word' id='word_1_277' title='bbox 783 3803 926 3863; x_wconf 89' lang='lat' dir='ltr'><strong>intererat</strong></span> <span class='ocrx_word' id='word_1_278' title='bbox 948 3801 1142 3881; x_wconf 90' lang='lat' dir='ltr'><strong>oppidorum,</strong></span> <span class='ocrx_word' id='word_1_279' title='bbox 1165 3808 1228 3860; x_wconf 91' lang='lat' dir='ltr'><strong>tur-</strong></span> 
     </span>
     <span class='ocr_line' id='line_1_33' title="bbox 115 3897 1228 3983; baseline 0.001 -23"><span class='ocrx_word' id='word_1_280' title='bbox 115 3897 178 3961; x_wconf 89' lang='lat' dir='ltr'><strong>bam</strong></span> <span class='ocrx_word' id='word_1_281' title='bbox 201 3903 391 3971; x_wconf 89' lang='lat' dir='ltr'><strong>tenuiorum,</strong></span> <span class='ocrx_word' id='word_1_282' title='bbox 415 3904 561 3983; x_wconf 90' lang='lat' dir='ltr'><strong>imprimis</strong></span> <span class='ocrx_word' id='word_1_283' title='bbox 583 3902 759 3964; x_wconf 88' lang='lat' dir='ltr'><strong>libertorum</strong></span> <span class='ocrx_word' id='word_1_284' title='bbox 782 3902 894 3964; x_wconf 91' lang='lat' dir='ltr'><strong>habere</strong></span> <span class='ocrx_word' id='word_1_285' title='bbox 916 3903 1063 3982; x_wconf 84' lang='lat' dir='ltr'><strong>quandam</strong></span> <span class='ocrx_word' id='word_1_286' title='bbox 1084 3919 1228 3970; x_wconf 86' lang='lat' dir='ltr'><strong>caussam,</strong></span> 
     </span>
     <span class='ocr_line' id='line_1_34' title="bbox 116 4000 1228 4082; baseline 0.003 -23"><span class='ocrx_word' id='word_1_287' title='bbox 116 4017 149 4060; x_wconf 88' lang='grc'><strong>311</strong></span> <span class='ocrx_word' id='word_1_288' title='bbox 171 4020 228 4080; x_wconf 94' lang='lat' dir='ltr'><strong>qua</strong></span> <span class='ocrx_word' id='word_1_289' title='bbox 250 4002 438 4082; x_wconf 90' lang='lat' dir='ltr'><strong>redigeretur</strong></span> <span class='ocrx_word' id='word_1_290' title='bbox 459 4005 490 4064; x_wconf 89' lang='lat' dir='ltr'><strong>in</strong></span> <span class='ocrx_word' id='word_1_291' title='bbox 514 4013 629 4066; x_wconf 90' lang='lat' dir='ltr'><strong>certum</strong></span> <span class='ocrx_word' id='word_1_292' title='bbox 651 4005 786 4066; x_wconf 85' lang='lat' dir='ltr'><strong>ordinem</strong></span> <span class='ocrx_word' id='word_1_293' title='bbox 802 4005 995 4066; x_wconf 89' lang='lat' dir='ltr'><strong>constitutum</strong></span> <span class='ocrx_word' id='word_1_294' title='bbox 1017 4003 1053 4064; x_wconf 89' lang='lat' dir='ltr'><strong>ad</strong></span> <span class='ocrx_word' id='word_1_295' title='bbox 1074 4000 1228 4063; x_wconf 88' lang='lat' dir='ltr'><strong>sublevan-</strong></span> 
     </span>
     <span class='ocr_line' id='line_1_35' title="bbox 115 4100 1229 4187; baseline -0.001 -24"><span class='ocrx_word' id='word_1_296' title='bbox 115 4100 177 4165; x_wconf 91' lang='lat' dir='ltr'><strong>dam</strong></span> <span class='ocrx_word' id='word_1_297' title='bbox 212 4103 400 4184; x_wconf 90' lang='lat' dir='ltr'><strong>singulorum</strong></span> <span class='ocrx_word' id='word_1_298' title='bbox 429 4112 541 4167; x_wconf 88' lang='lat' dir='ltr'><strong>sortem</strong></span> <span class='ocrx_word' id='word_1_299' title='bbox 572 4113 601 4168; x_wconf 92' lang='lat' dir='ltr'><strong>et</strong></span> <span class='ocrx_word' id='word_1_300' title='bbox 627 4108 757 4187; x_wconf 90' lang='lat' dir='ltr'><strong>positum</strong></span> <span class='ocrx_word' id='word_1_301' title='bbox 784 4107 815 4166; x_wconf 93' lang='lat' dir='ltr'><strong>in</strong></span> <span class='ocrx_word' id='word_1_302' title='bbox 849 4111 952 4166; x_wconf 92' lang='lat' dir='ltr'><strong>mutuo</strong></span> <span class='ocrx_word' id='word_1_303' title='bbox 986 4103 1109 4172; x_wconf 84' lang='lat' dir='ltr'><strong>auxilio,</strong></span> <span class='ocrx_word' id='word_1_304' title='bbox 1140 4108 1229 4180; x_wconf 90' lang='lat' dir='ltr'><strong>atque</strong></span> 
     </span>
    </p>
   </div>
   <div class='ocr_carea' id='block_1_6' title="bbox 335 4259 415 4266">
    <p class='ocr_par' dir='ltr' id='par_1_7' title="bbox 335 4259 415 4266">
     <span class='ocr_line' id='line_1_36' title="bbox 335 4259 415 4266; baseline 0 -1"><span class='ocrx_word' id='word_1_305' title='bbox 335 4259 415 4266; x_wconf 71' lang='lat'><em>——.-</em></span> 
     </span>
    </p>
   </div>
   <div class='ocr_carea' id='block_1_7' title="bbox 114 4338 1229 4495">
    <p class='ocr_par' dir='ltr' id='par_1_8' title="bbox 114 4338 1229 4495">
     <span class='ocr_line' id='line_1_37' title="bbox 178 4338 1229 4409; baseline 0 -18"><span class='ocrx_word' id='word_1_306' title='bbox 178 4340 238 4406; x_wconf 82' lang='grc'><strong>119)</strong></span> <span class='ocrx_word' id='word_1_307' title='bbox 258 4341 293 4394; x_wconf 89' lang='lat' dir='ltr'><strong>L.</strong></span> <span class='ocrx_word' id='word_1_308' title='bbox 313 4344 325 4391; x_wconf 92' lang='lat' dir='ltr'><strong>l</strong></span> <span class='ocrx_word' id='word_1_309' title='bbox 345 4341 368 4404; x_wconf 66' lang='grc' dir='ltr'><strong>ξ.</strong></span> <span class='ocrx_word' id='word_1_310' title='bbox 388 4344 401 4393; x_wconf 90' lang='grc'><strong>1</strong></span> <span class='ocrx_word' id='word_1_311' title='bbox 425 4343 490 4409; x_wconf 81' lang='lat' dir='ltr'><strong>Dig.</strong></span> <span class='ocrx_word' id='word_1_312' title='bbox 510 4342 543 4393; x_wconf 89' lang='lat' dir='ltr'><strong>de</strong></span> <span class='ocrx_word' id='word_1_313' title='bbox 563 4341 626 4394; x_wconf 89' lang='lat' dir='ltr'><strong>coll.</strong></span> <span class='ocrx_word' id='word_1_314' title='bbox 650 4345 678 4393; x_wconf 86' lang='lat' dir='ltr'><strong>et</strong></span> <span class='ocrx_word' id='word_1_315' title='bbox 700 4356 774 4408; x_wconf 90' lang='lat' dir='ltr'><strong>corp.</strong></span> <span class='ocrx_word' id='word_1_316' title='bbox 799 4340 861 4406; x_wconf 79' lang='lat'>(47,</span> <span class='ocrx_word' id='word_1_317' title='bbox 880 4338 944 4405; x_wconf 81' lang='lat'>22):</span> <span class='ocrx_word' id='word_1_318' title='bbox 968 4355 1019 4392; x_wconf 81' lang='lat' dir='ltr'><strong>non</strong></span> <span class='ocrx_word' id='word_1_319' title='bbox 1041 4339 1100 4392; x_wconf 81' lang='lat' dir='ltr'><strong>licet</strong></span> <span class='ocrx_word' id='word_1_320' title='bbox 1122 4341 1229 4407; x_wconf 82' lang='lat' dir='ltr'><strong>amplius</strong></span> 
     </span>
     <span class='ocr_line' id='line_1_38' title="bbox 114 4427 651 4495; baseline 0.002 -19"><span class='ocrx_word' id='word_1_321' title='bbox 114 4437 183 4486; x_wconf 75' lang='grc'><strong>311331</strong></span> <span class='ocrx_word' id='word_1_322' title='bbox 199 4443 276 4495; x_wconf 80' lang='lat' dir='ltr'><strong>unum</strong></span> <span class='ocrx_word' id='word_1_323' title='bbox 293 4427 422 4493; x_wconf 75' lang='lat' dir='ltr'><strong>collegium</strong></span> <span class='ocrx_word' id='word_1_324' title='bbox 439 4429 531 4478; x_wconf 80' lang='lat' dir='ltr'><strong>licitmu</strong></span> <span class='ocrx_word' id='word_1_325' title='bbox 548 4427 651 4478; x_wconf 78' lang='lat' dir='ltr'><strong>babere.</strong></span> 
     </span>
    </p>
   </div>
   <div class='ocr_carea' id='block_1_8' title="bbox 0 0 1578 5160">
    <p class='ocr_par' dir='ltr' id='par_1_9' title="bbox 0 0 1578 5160">
     <span class='ocr_line' id='line_1_39' title="bbox 0 0 1578 5160; baseline 0 5"><span class='ocrx_word' id='word_1_326' title='bbox 0 0 1578 5160; x_wconf 95' lang='lat' dir='ltr'><strong> </strong></span> 
     </span>
    </p>
   </div>
  </div>
 </body>
</html>
