3148 5160
534 449 617 507 PARS
640 450 668 506 ll.
714 450 819 506 tarvr
843 451 872 506 ll.
1192 452 1253 514 215

135 617 310 699 provinciali
332 617 427 686 titulo,
453 626 485 678 ut
506 617 594 678 docet
616 635 781 696 cognomen
804 618 939 680 coloniae
961 618 1061 687 Iuliae,
1086 636 1146 678 non
1168 636 1252 679 rece·

136 720 177 780 dit
199 720 278 782 ultra
299 719 407 782 lulium
423 720 589 790 Caesarem,
614 719 649 781 ad
672 719 761 782 buius
783 723 885 799 utique
903 727 1030 782 aetatem
1052 721 1188 800 proxime
1203 739 1251 806 ac·

135 821 222 882 cedit.
274 823 425 884 Praetoris
454 841 524 882 vero
552 821 669 884 titulum
698 842 759 884 non
786 823 1025 901 restringendum
1055 841 1120 882 esse
1153 821 1189 881 ad
1218 840 1252 882 ea

135 923 258 1003 oppida,
289 943 325 984 ex
355 924 464 1002 quibus
486 925 608 985 fortuito
632 944 701 986 casu
724 925 791 988 illae
813 927 1024 1004 inscriptiones
1046 923 1082 984 ad
1105 941 1160 984 nos
1182 942 1250 1003 per·

136 1034 294 1096 venerunt,
318 1029 377 1087 iam
400 1045 489 1105 supra
514 1027 551 1107 (p.
578 1027 648 1108 100)
673 1027 808 1088 diximus.
855 1028 887 1089 ld
908 1029 1016 1107 ipsum,
1042 1025 1120 1102 quod
1142 1024 1192 1085 ille
1214 1027 1250 1085 ti·

133 1127 214 1190 tulus
237 1130 267 1188 in
290 1128 406 1208 oppidis
429 1130 494 1189 iure
518 1136 547 1189 et
570 1131 629 1190 situ
656 1130 798 1199 diversio,
827 1131 955 1210 origine,
980 1129 1004 1188 si
1024 1127 1192 1188 Narbonem
1222 1134 1252 1186 et

133 1230 224 1291 Deam
248 1232 417 1309 exceperis,
447 1231 569 1310 paribus
596 1231 845 1310 deprehenditur,
873 1229 990 1291 abunde
1018 1231 1139 1309 probat,
1169 1248 1249 1290 conr·

132 1349 223 1391 mune
258 1332 287 1392 id
311 1351 495 1392 summorum
519 1336 745 1410 magistratuum
771 1352 880 1394 nomen
903 1333 995 1392 luisse
1019 1331 1156 1392 omnibus
1178 1351 1248 1411 pro·

131 1434 245 1493 vinciae
262 1433 381 1513 oppidis
404 1453 420 1493 a
442 1434 516 1494 lulio
540 1435 665 1496 Caesare
689 1436 865 1495 constitutis.
903 1435 939 1496 at
959 1453 1018 1512 quo
1033 1441 1169 1513 tempore
1185 1452 1248 1493 mu-

130 1523 225 1594 tatum
258 1543 304 1595 est
336 1535 393 1597 boc
425 1537 554 1597 nomen?
603 1537 755 1596 Invenitur
784 1556 818 1599 ea
852 1538 975 1597 mutatio
1003 1536 1155 1605 Narbone,
1190 1535 1247 1595 Ne·

129 1638 240 1705 mausi,
270 1639 362 1715 Aquis
385 1638 509 1707 SextiiS,
536 1638 701 1707 avenione;
731 1641 761 1699 in
784 1638 907 1716 rebquis
934 1658 1004 1699 vero
1033 1638 1151 1719 oppidis
1180 1637 1247 1698 ideo

130 1744 247 1798 tantum
275 1749 448 1817 praetorum
481 1758 590 1800 nornen
625 1740 705 1801 solus
735 1748 780 1802 est
809 1759 994 1802 summorum
1022 1742 1247 1818 magistratuum

128 1839 242 1909 titulus,
267 1841 344 1916 quod
369 1843 545 1920 posterioris
561 1844 665 1902 aetatis
680 1843 787 1903 desunt
803 1849 1004 1912 monumenta,
1029 1860 1126 1920 neque
1148 1850 1248 1921 potest

128 1941 269 2012 dubitari,
293 1944 365 2019 quin
388 1943 491 2004 eodem
515 1943 625 2021 ubique
649 1951 783 2023 ternpore
804 1953 975 2023 praetorum
998 1942 1102 2004 titulus
1124 1945 1162 2004 sit
1177 1943 1246 2003 sub·

126 2041 213 2104 latus.
259 2043 321 2104 lam
350 2063 419 2105 vero
446 2047 478 2106 in
501 2045 617 2106 colonia
644 2045 838 2107 Nemausensi
865 2047 922 2106 iarn
951 2046 995 2105 Ti.
1027 2045 1160 2104 Caesaris
1187 2046 1245 2104 Au·

126 2146 207 2222 gusti
230 2151 326 2205 aetate
347 2148 514 2211 invenimus
530 2150 748 2225 quattuorviros
763 2150 822 2208 iuri
838 2147 978 2208 dicundo:
1004 2163 1074 2223 ergo
1095 2145 1247 2206 desierant

127 2263 162 2305 eo
185 2253 323 2325 tempore
345 2247 387 2308 ibi
410 2267 476 2309 esse
497 2260 652 2328 praetores
675 2257 704 2310 et
725 2249 874 2310 desierant
897 2266 963 2309 esse
985 2249 1015 2306 in
1038 2247 1152 2324 reliqua
1174 2265 1244 2327 pro·

125 2350 231 2408 vincia.
279 2350 383 2411 Utrum
407 2369 477 2411 vero
501 2351 537 2412 ab
560 2353 625 2430 ipso
641 2352 762 2413 Tiberio
785 2371 822 2412 an
845 2350 881 2410 ab
896 2353 1030 2427 Augusto
1053 2350 1128 2409 iacta
1151 2350 1189 2410 sit
1210 2367 1245 2408 ea

125 2452 262 2520 mutatio,
286 2470 347 2512 non
369 2459 468 2530 potest
491 2461 573 2513 certo
596 2452 767 2522 diiudicari;
791 2452 945 2532 probabile
968 2470 1039 2512 vero
1062 2457 1120 2520 est,
1144 2452 1242 2528 Augu·

124 2561 221 2621 stum,
251 2554 328 2614 sicut
356 2555 477 2614 omnino
506 2573 602 2634 neque
631 2555 773 2634 prodigus
802 2562 865 2615 erat
892 2553 1040 2615 honorum
1063 2550 1243 2631 reipublicae

122 2655 277 2715 Romanae
301 2660 339 2724 et,
363 2662 506 2732 quantum
528 2664 661 2736 poterat,
693 2659 837 2718 variarum
859 2658 977 2736 imperii
998 2656 1128 2735 partium
1150 2653 1242 2713 admi-

122 2758 332 2817 nistrationem
361 2759 555 2838 exaequabat,
590 2761 622 2818 in
655 2759 710 2819 bac
744 2777 863 2837 quoque
895 2759 1047 2842 provincia
1079 2738 1242 2816 instituisse

121 2859 299 2920 duurnviros
327 2862 614 2938 quattuorvirosquc.
662 2862 714 2922 Cui
742 2862 875 2940 opinioni
903 2878 962 2919 non
984 2859 1089 2920 obstat
1110 2863 1240 2935 praetor,

120 2962 173 3038 qui
198 2968 263 3021 erat
285 2960 363 3020 Deae
381 2965 533 3040 ¹Augustae
562 2964 622 3022 sive
650 2965 680 3022 in
709 2963 818 3042 oppido
845 2961 881 3021 ab
903 2963 1035 3038 Augusto
1064 2958 1239 3025 constituto;

120 3063 242 3124 condita
266 3061 379 3122 scilicet
400 3063 459 3124 Dea
482 3083 560 3125 anno
582 3065 645 3124 sere
669 3083 693 3125 a.
712 3064 763 3125 Cb.
781 3069 821 3128 27
838 3066 989 3140 Augustus
1006 3059 1139 3121 nondum
1163 3059 1240 3135 cogi-

120 3167 194 3225 tavit
218 3163 254 3223 de
282 3164 423 3224 mutando
454 3167 680 3242 magistratuum
709 3167 828 3225 nomine
856 3163 983 3240 ideoque
1012 3162 1090 3222 Deae
1121 3157 1269 3238 quoque'

118 3266 202 3327 idem
226 3284 260 3326 ac
282 3263 406 3343 reliquis
431 3267 597 3328 civitatibus
619 3267 723 3328 tribuit
750 3274 779 3326 et
801 3268 961 3336 concessit,
991 3264 1086 3325 donec
1113 3281 1167 3342 per
1195 3269 1240 3321 to·
1282 3318 1285 3324 .

117 3376 179 3429 tam
205 3368 389 3446 provinciam
411 3367 440 3428 id
464 3355 629 3429 tolleretur.
674 3370 759 3441 Quod
787 3375 885 3430 autern
909 3366 1046 3428 Narbone
1074 3366 1241 3425 invenimus

115 3475 278 3550 praetores
293 3467 467 3530 duumviros
491 3477 521 3529 et
535 3471 674 3531 Nemausi
693 3478 848 3550 praetores
865 3469 1092 3547 quattuorviros,
1117 3467 1151 3527 ad
1167 3464 1240 3526 illud

116 3579 241 3650 tempus
257 3569 372 3630 videtur
387 3571 588 3641 referendum,
612 3588 671 3649 quo
687 3591 760 3633 nova
777 3574 896 3633 nomina
911 3571 1030 3633 vixdum
1046 3576 1131 3630 erant
1144 3571 1238 3630 intro·

115 3673 224 3734 ducta:
251 3678 311 3730 turn
335 3674 423 3743 enim,
447 3678 479 3732 ut
502 3680 531 3732 et
554 3677 661 3735 veteris
676 3674 799 3735 honoris
814 3674 956 3734 memoria
973 3678 1086 3733 extaret
1102 3677 1131 3730 et
1146 3689 1239 3732 novae

115 3770 314 3853 appellationi
335 3792 422 3835 suurn
447 3776 609 3846 cesetius,
633 3777 697 3836 fieri
720 3778 829 3854 potuit,
858 3783 891 3835 ut
913 3775 972 3836 duo
994 3773 1043 3834 illa
1066 3775 1185 3834 nomina
1208 3774 1238 3833 in

113 3894 213 3936 unum
237 3873 454 3944 coalescerent;
478 3876 604 3956 ideoque
626 3876 716 3937 medii
739 3880 816 3938 inter
837 3884 993 3956 praetores
1017 3882 1046 3935 et
1067 3875 1238 3935 duumviros

114 3980 179 4039 sive
204 3978 425 4052 quattuorviros
441 3984 500 4037 tam
515 3977 711 4056 appellatione
727 3997 814 4056 quam
838 3986 973 4056 tempore
987 3979 1137 4038 intersunt
1151 3993 1237 4053 prae-

114 4087 202 4140 tores
226 4077 391 4148 duumviri,
422 4084 575 4156 praetores
598 4082 801 4156 quattuorviri.
848 4080 921 4141 Cum
951 4096 1009 4156 quo
1032 4080 1142 4156 optime
1165 4095 1235 4137 con·

112 4181 216 4246 venit,
246 4179 323 4254 quod
355 4178 459 4240 titulus
487 4179 536 4240 ille
559 4188 731 4258 praetorum
754 4182 977 4241 duumvirorum
1000 4179 1236 4241 Narbonensium

113 4281 154 4360 (n.
184 4281 235 4360 16)
259 4281 386 4347 formam
410 4279 529 4341 exbibet
552 4300 679 4344 coerare.
718 4283 826 4344 Forma
849 4284 927 4342 enim
949 4299 991 4350 oe,
1015 4299 1090 4358 quae
1110 4283 1236 4361 septimo

109 4384 202 4444 urbis
225 4381 361 4443 conditae
385 4382 502 4443 saeculo
525 4383 621 4445 locum
645 4383 780 4446 obtinere
803 4386 900 4464 coepit
926 4385 1100 4461 antiquioris
1122 4385 1236 4446 formae
