3124 5168
314 462 376 526 nss
690 461 775 522 rias
797 461 827 520 n.
872 463 978 522 cruvr
993 429 1043 522 m

313 627 446 705 quidem,
471 644 569 706 neque
585 647 656 690 vero
679 629 717 690 de
739 649 832 694 censu
855 630 1032 708 delectuque
1055 648 1152 710 neque
1174 631 1212 694 de
1227 632 1288 695 ullo
1310 633 1435 714 speciali

313 731 433 807 negotio
455 729 590 809 publico,
613 730 666 792 sed
689 730 840 794 derebus
862 734 969 802 sacris,
993 733 1030 794 de
1053 732 1146 804 ludis,
1178 734 1216 796 de
1238 737 1359 806 statuis,
1389 743 1433 798 at-

314 849 372 910 que
394 831 576 910 generaliter
598 831 635 892 de
656 831 795 896 laudibus
817 842 869 896 aut
891 837 1078 896 accusatione
1100 836 1321 916 proconsulum.
1347 837 1433 910 Quod

312 933 452 994 laudandi
474 941 525 994 aut
547 934 703 996 accusandi
725 937 772 998 ius
795 953 892 1014 neque
914 937 1067 1016 publicum
1091 940 1242 1016 negotium
1264 940 1357 1000 tuisse
1379 959 1431 1000 ne·

313 1038 442 1114 gaverim
464 1053 562 1114 neque
585 1035 726 1107 dixerim,
757 1037 881 1100 hocius
909 1041 1031 1102 omnino
1058 1038 1173 1102 nrrllum
1200 1041 1310 1112 tuisse,
1340 1041 1432 1118 quod,

312 1146 346 1199 ut
368 1157 403 1198 cx
427 1144 619 1201 monumento
641 1137 692 1200 illo
715 1139 885 1202 Toriniensi
906 1137 1100 1219 videmus54),
1124 1141 1210 1204 facile
1231 1141 1433 1204 laudationem

313 1242 478 1318 acquirere,
503 1242 722 1302 accusationem
746 1242 892 1323 impedire
910 1248 1048 1322 poterant
1063 1243 1272 1322 proconsules:
1302 1262 1434 1324 namque

312 1341 455 1421 impedito
485 1361 542 1404 usu
568 1344 666 1422 ipsum
694 1345 741 1404 ius
768 1343 827 1404 non
856 1343 980 1406 tollitur.
1027 1347 1135 1406 Verum
1168 1365 1343 1408 conoessum
1366 1354 1432 1408 erat

313 1442 385 1506 illud
408 1445 456 1506 ius
471 1451 509 1508 et
531 1445 701 1524 appendicis
729 1447 843 1506 ratione
873 1445 909 1508 ad
934 1445 1129 1526 principalem
1159 1467 1291 1510 caussam
1318 1455 1434 1510 temere

313 1545 483 1607 accedentis
506 1551 536 1606 et
558 1545 694 1608 servandi
717 1547 829 1608 ordinis
845 1566 956 1618 caussa
980 1550 1049 1626 quia
1066 1549 1252 1612 commodius
1265 1549 1434 1620 videbatur,

313 1647 364 1708 ubi
388 1649 519 1726 primum
549 1649 670 1709 omnino
702 1647 806 1710 liceret
827 1651 1003 1729 provinciis,
1035 1669 1175 1713 accusare
1197 1651 1275 1731 apud
1302 1654 1434 1732 impera·

314 1756 411 1818 torem
435 1758 464 1811 et
486 1756 619 1810 senatum
643 1744 779 1828 publicos
802 1753 1004 1830 magistratus,
1029 1753 1058 1812 id
1080 1751 1214 1831 legitimo
1236 1753 1325 1816 alicui
1347 1757 1434 1816 insti·

312 1857 377 1912 tuto
399 1853 523 1930 iungere
547 1868 635 1929 quam
657 1854 830 1931 permittere
852 1853 1083 1932 provincialibus
1106 1855 1172 1916 tuse
1195 1862 1224 1916 et
1245 1855 1436 1918 turbulenter

313 1953 553 2016 decernentibus.
600 1953 787 2016 Constituere
818 1973 886 2016 vero
917 1955 991 2016 baec
1019 1957 1144 2018 concilia
1171 1957 1363 2036 provincialia
1385 1977 1434 2018 ra·

312 2057 394 2143 tione
417 2057 552 2136 corporis
574 2055 714 2134 legitimi,
739 2057 818 2134 quod
842 2060 931 2120 certis
954 2058 1139 2137 temporibus
1155 2069 1348 2122 convocatum
1373 2061 1436 2121 sire

313 2158 503 2228 decernendo
525 2159 586 2218 sive
609 2163 721 2220 tantum
747 2159 898 2222 suadendo
922 2169 951 2221 et
964 2178 1071 2239 preces
1087 2161 1268 2222 enuntiando
1284 2164 1437 2242 particeps

313 2267 392 2321 essct
414 2259 607 2321 consiliorum
629 2259 767 2340 publicae
782 2261 1064 2333 administrationis,
1089 2270 1149 2324 tarn
1171 2263 1301 2325 alienum
1318 2271 1384 2325 erat
1398 2263 1436 2324 ab

311 2363 456 2424 institutis
478 2360 633 2432 Romanis,
658 2369 692 2423 ut
713 2361 787 2424 nulli
807 2364 1021 2445 imperatorum
1045 2383 1174 2445 unquam
1197 2366 1228 2426 in
1251 2372 1383 2426 mentem
1404 2364 1436 2425 id

312 2461 482 2541 veniret⁵⁵l

383 2767 426 2835 54)
445 2769 541 2820 Marm.
560 2769 714 2820 Toriniens.
733 2768 858 2835 inscript.
877 2768 974 2834 lateris
993 2769 1084 2820 dextri
1102 2785 1146 2821 vv.
1167 2771 1267 2820 14—26
1290 2769 1353 2833 (cir.
1376 2775 1435 2822 not.

313 2851 372 2917 51)=
393 2855 450 2904 Oum
463 2855 498 2906 A.
510 2855 630 2911 Paulino,
644 2855 775 2903 decessori
786 2869 853 2914 meo,
867 2855 892 2902 in
910 2854 1015 2905 corintio
1030 2853 1168 2904 Galliarum
1183 2855 1304 2904 instinctu
1322 2871 1437 2920 quorun-

312 2941 384 3002 dam,
400 2942 443 3006 qui
454 2939 485 2989 ab
499 2946 651 3004 eapropter
666 2940 758 2988 merito
769 2953 816 2986 suo
829 2939 894 2987 laesi
909 2937 1070 2996 uidebantur,
1090 2942 1163 3003 quusi
1180 2953 1215 2989 ere
1232 2954 1356 2989 consensu
1372 2955 1437 3003 pro-

311 3025 409 3074 vinciae
430 3025 617 3074 accusationem
640 3025 772 3073 instituere
792 3028 959 3086 temptarent,
989 3021 1112 3072 Solemnis
1135 3023 1184 3071 iste
1207 3037 1276 3073 meua
1296 3027 1437 3087 proposito

314 3124 399 3159 eorum
411 3110 519 3168 restitit,
531 3107 713 3172 prouocatione
726 3108 823 3156 seilicet
841 3107 1005 3170 interposita,
1025 3107 1094 3172 quod
1105 3108 1196 3170 patria
1210 3107 1278 3169 eiua,
1295 3119 1349 3156 eum
1365 3109 1437 3158 inter

313 3201 414 3244 ceteros
426 3196 533 3258 lopertum
549 3208 618 3242 ouum
634 3199 756 3249 creasset,
775 3191 838 3242 ntttt
854 3193 885 3241 de
902 3192 1065 3242 accusatione
1082 3191 1245 3240 mandassent
1263 3189 1344 3256 (sic),
1359 3195 1435 3244 immo

312 3285 403 3329 contro
421 3279 577 3328 laudassent.
615 3276 669 3338 Qun
687 3277 788 3326 ratione
807 3277 922 3342 effectum
941 3283 991 3336 est,
1014 3283 1041 3326 ut
1057 3290 1142 3326 omnes
1155 3274 1190 3324 'alr
1208 3277 1371 3326 accusatione
1387 3277 1436 3326 de-

312 3363 441 3412 sisterent.

382 3478 425 3544 55)
444 3479 477 3530 In
493 3479 547 3532 hac
565 3481 599 3530 de
619 3479 746 3530 conciliis
765 3479 982 3545 provincialibus
1005 3477 1200 3530 dissertatione
1222 3477 1346 3529 consulto
1365 3481 1436 3530 omi-

313 3565 398 3614 simus
418 3569 446 3615 et
463 3580 535 3629 quae
555 3565 610 3615 alia
634 3565 667 3614 de
692 3564 819 3614 conciliis
841 3563 1043 3630 provinciarum
1065 3565 1128 3629 post
1145 3561 1357 3613 Constantinum
1378 3563 1433 3614 ha-

311 3649 377 3699 bitis
396 3651 498 3700 scimus
517 3655 545 3700 et
564 3650 711 3716 epistulam
730 3649 848 3700 Honorii
871 3653 899 3698 et
917 3648 1067 3698 Theodosii
1085 3649 1268 3712 Augustorum
1292 3663 1363 3698 anno
1379 3649 1435 3698 418

315 3732 349 3783 ad
366 3733 522 3799 Agricolam
546 3734 720 3798 praefectum
740 3733 894 3784 Galliarum
913 3733 1007 3782 datam
1029 3733 1063 3782 de
1087 3730 1217 3782 conciliis
1242 3736 1347 3797 septem
1369 3747 1436 3796 pro·

312 3818 466 3869 vineiarnm
489 3817 605 3884 singulis
629 3817 709 3868 annis
733 3817 768 3868 ab
786 3817 883 3868 Idibus
901 3817 1035 3883 Augustis
1061 3815 1095 3866 ad
1113 3814 1179 3865 Idus
1202 3815 1377 3882 Septembres
1403 3817 1435 3865 in

312 3903 526 3968 metropolitana
553 3903 620 3953 urbe
642 3903 801 3953 Arelatensi
823 3900 957 3952 habendis
983 3901 1077 3964 (Dom.
1102 3899 1243 3964 Bouquet,
1267 3900 1331 3953 Rer.
1357 3899 1434 3950 Gall,

282 4039 286 4048 ,
311 3989 407 4054 script.
426 3987 446 4036 I.
466 4004 493 4053 p.
508 3989 556 4038 166
569 3983 631 4052 sq.).
656 3987 716 4038 Non
734 4002 805 4058 nego
823 3986 894 4036 haec
912 3985 1067 4050 posteriora
1086 3984 1206 4034 concilia
1224 3984 1326 4034 similia
1344 3983 1434 4036 fuisse

310 4073 462 4137 prioribus3
482 4073 562 4121 immo
581 4072 707 4135 quamvis
725 4071 871 4122 liberalem
891 4085 958 4135 erga
976 4069 1162 4134 provinciales
1181 4069 1301 4118 animum
1318 4083 1433 4134 praese

311 4157 385 4206 ierat
403 4156 453 4206 illa
471 4155 655 4222 Augustorum
683 4156 818 4220 epistula,
842 4154 951 4218 dubito,
974 4168 1037 4204 num
1062 4168 1159 4204 revera
1183 4154 1225 4204 ins
1249 4153 1434 4206 conciliorum

311 4241 472 4304 posterioris
496 4241 560 4292 aevi
585 4239 661 4290 aliud
689 4240 774 4290 irretit
798 4255 878 4305 qnam
905 4239 947 4288 ins
975 4237 1192 4288 accusandorum
1217 4237 1434 4304 magistratuum

311 4325 498 4388 publicorum:
520 4325 647 4376 sublatae
667 4325 739 4375 haud
762 4324 844 4375 dubie
868 4327 932 4374 sunt
949 4338 1078 4389 paganae
1096 4322 1125 4372 in
1142 4322 1274 4374 honorem
1291 4322 1434 4387 Augusto-

311 4423 369 4456 rum
388 4410 582 4474 caerimoniae,
596 4423 761 4475 quamquam
774 4407 845 4460 alias
862 4423 916 4458 non
932 4406 1012 4457 nimis
1032 4406 1128 4456 anxios
1146 4422 1176 4457 se
1190 4405 1362 4472 praebebant
1380 4406 1433 4456 im-
