3148 5160
502 471 585 536 raas
607 481 637 535 n.
682 481 788 536 carm
810 483 840 538 n.
1100 563 1104 572 ἱ
1168 485 1229 547 227

113 646 161 722 qui
190 645 376 713 nominatur,
413 653 442 705 et
471 646 579 706 summi
608 646 721 706 ordinis
749 654 893 726 patronus
921 654 966 708 est
994 647 1081 709 Caius
1109 649 1225 718 Caesar,

111 748 257 826 Agrippae
281 745 358 807 filius
381 746 536 825 adoptatus
558 746 595 808 ah
617 749 765 826 Augusto,
794 751 845 826 qui
872 751 1069 828 patrocinium
1097 753 1229 830 suscepit

112 847 243 908 coloniae
266 848 405 909 Nemausi
435 847 478 924 (n.
504 846 578 926 96);
608 856 711 929 postea
739 857 833 911 aetate
861 852 923 911 lere
947 851 1049 911 Severi
1070 850 1228 912 Alexandri

112 949 147 1009 ah
173 949 280 1010 iisdem
310 949 562 1010 Nemausensihus
591 951 723 1012 videmus
750 955 946 1030 patrocinium
976 952 1105 1014 delatum
1134 952 1170 1013 ad
1193 953 1224 1014 L.

111 1051 236 1112 llanium
261 1051 415 1130 0ptatum,
444 1053 541 1112 virum
564 1051 776 1124 clarissimum,
807 1053 1010 1122 consularem,
1039 1054 1091 1133 qui
1113 1053 1226 1114 Narbo·

110 1155 211 1214 nensis
239 1154 406 1232 provinciae
438 1171 559 1232 praeses
588 1155 684 1214 tuerat
713 1154 756 1232 in.
783 1153 875 1234 100),
905 1173 1002 1234 neque
1031 1157 1142 1224 minus,
1178 1158 1228 1232 qui

110 1275 137 1314 n.
162 1260 223 1322 363
246 1256 428 1334 Aquensium
451 1254 498 1314 vel
520 1254 690 1316 Reiensium
714 1256 822 1316 dicitur
844 1264 1003 1335 patronus,
1027 1259 1071 1317 vir
1094 1264 1157 1317 erat
1180 1275 1226 1317 se·

110 1360 252 1418 natorius.
298 1356 520 1418 Foroiulienses
542 1375 613 1417 vero
636 1359 713 1418 inter
729 1364 871 1437 patronos
886 1357 1057 1419 hahuerunt
1072 1366 1224 1436 quattuor·

109 1461 204 1519 virum
228 1459 461 1520 Nemausensem
485 1478 562 1538 equo
590 1458 710 1538 puhlico
741 1467 878 1520 ornatum
902 1460 941 1541 (n.
968 1459 1051 1539 106),
1078 1461 1224 1520 Viennen-

110 1579 156 1620 ses
179 1560 255 1621 duos
278 1563 357 1620 viros
381 1563 512 1640 equestri
534 1561 636 1622 militia
660 1562 778 1622 iunctos
802 1561 861 1640 (nu.
886 1567 956 1628 502.
982 1560 1069 1640 590),
1100 1579 1133 1622 ex
1159 1565 1223 1638 qui-

108 1661 162 1722 hus
186 1660 262 1722 alter
286 1660 366 1741 (590)
396 1663 540 1723 oriundus
569 1681 603 1722 ex
634 1662 748 1723 colonia
776 1664 917 1740 Equestri
944 1662 1074 1723 honores
1097 1664 1225 1724 Viennae

107 1770 255 1840 gesserat:
278 1765 370 1840 Aquis
393 1763 499 1823 deinde
523 1765 630 1825 Sextiis
652 1766 681 1825 in
706 1765 809 1824 eodem
839 1764 925 1826 titulo
948 1772 1009 1824 tres
1032 1767 1148 1843 patroni
1171 1784 1224 1824 no-

107 1867 273 1934 minantur,
303 1884 339 1925 er
363 1865 471 1942 quihus
499 1885 576 1927 unus
597 1866 737 1927 tribunus
759 1865 921 1927 laticlavius
944 1865 1051 1925 dicitur
1074 1883 1140 1924 esse
1163 1868 1224 1925 sive

107 1968 248 2027 senatorii
271 1966 391 2035 ordinis,
415 1967 474 2027 duo
497 1967 545 2047 alii
568 1974 598 2027 et
621 1970 753 2044 equestri
768 1967 868 2027 militia
893 1974 929 2035 et,
954 1974 986 2027 ut
1008 1967 1134 2036 videtur,
1158 1985 1223 2028 mu·

106 2066 283 2147 nicipalihus
305 2067 469 2129 honoribus
492 2075 577 2128 erant
599 2070 693 2128 iuncti
716 2069 758 2150 (n.
784 2066 875 2146 364),
904 2070 1035 2147 itemque
1063 2068 1143 2128 Reiis
1171 2087 1222 2128 ur·

106 2169 179 2230 hana
205 2169 290 2248 plebs
311 2177 471 2249 patronum
495 2177 589 2230 statua
606 2169 741 2239 honorat,
766 2172 816 2248 qui
832 2169 969 2229 tribunus
984 2169 1110 2231 militum
1127 2170 1224 2231 luerat

101 2272 144 2353 (n.
169 2267 253 2348 388).
298 2271 406 2332 Contra
421 2273 587 2352 municipes
602 2272 791 2335 Arelatenses
814 2277 939 2331 statuam
955 2278 1071 2350 ponunt
1086 2253 1221 2349 patrono,

106 2375 239 2448 quinon
262 2372 338 2433 ultra
361 2372 516 2434 aedilitatis
539 2373 681 2434 honorem
706 2381 752 2434 est
773 2379 928 2453 promotus
951 2373 989 2454 (n.
1015 2370 1096 2450 330).
1135 2373 1223 2434 Deni-

105 2491 162 2551 que
179 2493 240 2535 non
264 2474 360 2534 solum
384 2476 414 2534 in
438 2475 554 2554 oppidis
576 2476 668 2537 idest
689 2477 867 2544 institutum,
891 2475 943 2534 sed
966 2477 995 2535 in
1012 2492 1087 2553 pago
1104 2491 1223 2551 quoque

10 2651 12 2656 Ι
105 2575 301 2636 Vordensium
330 2577 498 2637 invenimus
531 2585 705 2657 patronum,
740 2579 977 2657 quattuorvirum
1011 2579 1102 2656 Aptae
1132 2576 1222 2638 lullae

104 2679 164 2737 sive
188 2677 322 2739 eiusdem
345 2679 513 2757 municipii,
544 2680 591 2738 cui
612 2678 770 2740 attributus
800 2686 862 2739 erat
883 2677 932 2738 ille
954 2695 1048 2757 pagus
1072 2678 1110 2759 (n.
1137 2675 1219 2755 423).

187 2779 232 2839 De
255 2781 369 2841 ratione
391 2780 548 2858 cooptandi
570 2787 711 2858 patronos
734 2779 806 2840 nihil
826 2779 1016 2859 suppeditant
1031 2785 1221 2840 monumenta

102 2888 214 2941 nostra.
264 2880 360 2959 Supra
382 2887 481 2943 autem
504 2882 815 2950 commemoravimus,
846 2882 947 2959 priore
970 2885 1103 2958 tempore
1126 2897 1220 2959 popu·

101 2981 161 3042 lum
186 2981 332 3068 curiatim
348 2989 539 3044 convocatum
564 2990 593 3043 et
615 2990 750 3060 rogatum
774 3001 839 3042 esse
868 2981 904 3041 de
927 2982 1059 3059 patronis
1082 2989 1220 3058 cooptan-

101 3084 159 3152 dis,
190 3092 296 3163 postea
326 3091 424 3145 autem
455 3103 518 3144 eam
548 3085 766 3163 cooptationem
796 3083 916 3143 decreto
947 3080 1059 3141 ordinis
1089 3099 1155 3141 esse
1177 3081 1219 3141 fa·

101 3181 250 3263 clam.¹⁶⁴)
296 3186 353 3257 Oui
374 3205 446 3245 vero
469 3191 554 3248 erant
577 3187 719 3265 cooptati,
749 3187 785 3244 iis
811 3191 927 3246 constat
950 3183 1006 3243 hoc
1029 3201 1138 3243 munus
1161 3201 1220 3242 non

101 3287 195 3348 solnm
220 3305 278 3365 per
300 3306 419 3348 omnem
441 3289 544 3356 vitam,
569 3287 619 3347 sed
643 3287 822 3347 hereditario
844 3287 909 3345 iure
933 3294 998 3345 esse
1021 3280 1219 3362 delatum¹⁶⁵l

184 3389 229 3449 De
253 3391 418 3466 patrocinio
440 3391 590 3467 civitatum
613 3389 731 3467 imperii
753 3388 879 3447 Romani
906 3389 957 3465 qui
979 3404 1076 3464 nuper
1099 3386 1221 3447 uberius

49 3501 55 3513 ·
100 3493 158 3567 egit
181 3488 323 3568 Philippi,
348 3492 458 3569 optime
482 3489 554 3549 dixit
570 3507 755 3569 nequaquam
778 3508 833 3568 pro
849 3507 932 3550 mero
956 3486 1078 3547 honoris
1100 3489 1220 3547 nomine

98 3589 273 3652 habendum
302 3609 368 3651 esse
396 3597 588 3669 patronorum
618 3590 750 3660 titulum,
781 3589 833 3650 sed
862 3589 940 3650 haud
968 3591 1050 3668 parvi
1078 3591 1221 3650 momenti

97 3693 188 3754 luisse
212 3691 246 3753 id
268 3693 437 3753 institutum
460 3691 495 3752 ad
518 3692 703 3752 defendenda
727 3693 895 3769 municipia.
941 3690 1025 3761 Quod
1042 3690 1120 3750 eninr
1143 3692 1220 3750 inter

98 3813 252 3856 summum
275 3795 434 3872 imperium
458 3805 487 3853 et
509 3793 622 3870 singula
647 3794 754 3872 oppida
776 3792 850 3853 nihil
871 3793 934 3852 iere
956 3795 1115 3860 intererat,
1140 3792 1219 3868 quod

98 3895 186 3957 aliam
211 3914 301 3976 quam
327 3895 449 3974 parendi
473 3894 678 3954 condicionem
702 3894 819 3974 oppidis
843 3892 940 3961 daret,
965 3892 1078 3953 nullum
1101 3894 1218 3952 institu-

97 4005 159 4059 tum
175 3996 343 4079 publicum,
367 4013 426 4074 quo
448 3995 579 4074 legitime
601 4013 777 4057 concessum
801 4002 879 4055 esset
894 3993 1017 4072 singulis
1038 3992 1164 4071 oppidis,
1186 3999 1220 4050 ut

121 4211 125 4223 ·
165 4251 231 4316 164)
252 4249 309 4301 cfr.
328 4250 463 4316 Philippi,
489 4219 546 4300 Zur¹
562 4247 728 4301 Geschichte
752 4249 801 4299 des
820 4248 968 4298 Patronats
987 4249 1015 4297 in
1033 4243 1129 4295 Rhein.
1148 4245 1219 4296 Mus.

97 4338 170 4390 1853.
191 4355 219 4404 p.
240 4337 292 4386 510
310 4350 369 4401 sqq.
405 4335 565 4394 Mommsen,
585 4335 687 4385 Stadtr.
707 4351 731 4400 p.
750 4336 800 4384 452
819 4349 859 4397 sq.

164 4420 228 4488 165)
249 4419 374 4485 Philippi
391 4419 409 4469 l.
429 4435 453 4472 c.
472 4436 498 4484 p.
517 4420 574 4472 493.

951 4502 1014 4570 15*
