3154 5162
350 496 390 559 86
742 487 825 547 PARS
847 489 864 546 l.
909 486 1017 544 CAPV'l'
1039 488 1069 544 ll.

348 679 474 742 prorsus
497 659 600 720 eodem
628 661 704 719 ratio
727 663 773 718 est
795 655 1045 724 Cabellionis;
1075 672 1144 714 nam
1172 653 1261 714 buius
1283 669 1405 730 quoque
1428 653 1467 712 ci·

348 765 447 824 vitetis
475 773 614 823 nummos
642 759 787 822 habemus
821 777 881 820 non
915 756 1011 818 solum
1045 774 1155 818 aeneos
1181 757 1307 834 Augusti
1341 760 1469 816 aetatem

349 865 539 946 prolitentes,
569 863 621 925 sed
644 869 801 940 argenteos
830 878 949 939 quoque
978 859 1014 920 ad
1035 857 1264 920 Massiliensium
1291 855 1412 936 pondus
1435 871 1469 914 eo

349 975 486 1046 tempore
509 968 655 1044 signatos,
683 981 743 1042 quc
765 963 803 1026 Μ.
827 960 970 1027 Aemilius
992 961 1121 1041 Lepidus
1142 966 1210 1040 post
1233 958 1368 1037 Caesaris
1390 975 1470 1016 mor·

352 1077 411 1130 tem
433 1068 511 1129 hanc
532 1068 716 1146 provinciam
738 1068 818 1126 rexit
846 1067 907 1127 sive
929 1067 1008 1126 inter
1030 1080 1124 1126 annos
1146 1067 1188 1127 44
1211 1068 1240 1120 et
1262 1055 1360 1136 42³²)
1400 1057 1471 1130 Qui·
1507 1144 1510 1149 Ι

350 1172 407 1233 bus
428 1172 460 1231 in
483 1169 613 1231 nummis
635 1170 712 1229 sicut
735 1167 840 1229 eodem
862 1167 950 1228 modo
979 1172 1069 1243 atque
1090 1166 1122 1225 in
1144 1148 1400 1226 Nemausensibus
1423 1177 1471 1220 co·

350 1273 429 1333 ionia
452 1271 559 1333 dicitur
575 1268 715 1340 Cabellio,
739 1271 780 1330 ita
803 1287 840 1330 ex
854 1270 998 1347 inscripto
1015 1265 1120 1346 Lepidi
1134 1267 1264 1334 nomine,
1288 1282 1357 1325 cum
1370 1265 1472 1342 ipsum

245 1402 270 1442 ·.
352 1374 497 1454 Lepidum
521 1391 586 1434 eam
608 1373 802 1434 constituisse
825 1369 906 1432 nullo
929 1368 1017 1430 modo
1039 1369 1136 1448 possit
1156 1366 1289 1447 probari,
1313 1371 1385 1426 ante
1402 1364 1473 1426 Cae-

353 1495 450 1537 sarem
475 1493 543 1536 vero
565 1472 794 1536 Massiliensium
816 1474 842 1533 is
864 1472 948 1534 locus
970 1473 1073 1541 luerit,
1103 1475 1228 1549 apparet
1255 1467 1291 1529 ad
1313 1465 1475 1530 Caesarem

353 1578 529 1640 dictatorem
551 1574 743 1637 referendum
766 1591 832 1634 esse
854 1572 943 1635 huius
965 1589 1084 1652 qnoque
1107 1570 1241 1633 coloniae
1263 1571 1320 1632 ins.

438 1678 520 1750 Quae
542 1677 683 1740 Nemansi
706 1684 735 1737 et
757 1673 935 1737 Cabellicnis
963 1674 1098 1754 exempla
1127 1673 1164 1736 ad
1192 1669 1418 1734 diiudicandum
1440 1669 1478 1730 de

352 1779 477 1858 reliquis
509 1778 627 1859 oppidis
667 1779 874 1855 quaestionem
906 1776 985 1840 haud
1017 1778 1100 1856 parvi
1132 1783 1201 1836 sunt
1234 1775 1389 1836 momenti.
1442 1773 1477 1834 Et
1533 1849 1534 1856 ἵ

352 1884 475 1960 Aquas
498 1880 619 1960 quidem
642 1881 791 1941 Sextias
813 1877 869 1939 sub
891 1880 1023 1956 Augusto
1047 1877 1187 1957 oppidum
1212 1876 1351 1937 Latinum
1383 1867 1477 1935 luisse

262 2063 264 2070 Ι
353 1986 464 2045 scimus
487 2002 523 2044 en
546 1982 650 2044 Plinio.
697 1980 834 2043 Latinum
863 1989 963 2044 autem
977 1979 1133 2060 oppidum
1162 1997 1231 2039 cum
1258 1979 1343 2038 lieret
1365 1995 1406 2037 en
1430 1995 1475 2036 ca·

354 2085 456 2156 stello,
486 2103 612 2146 necesse
641 2090 705 2146 crat
733 2088 893 2160 augeretur
928 2083 1078 2152 territorio
1105 2080 1195 2159 idque
1225 2087 1255 2140 et
1281 2081 1385 2158 ipsum
1414 2077 1478 2138 lieri
1558 2149 1562 2154 ¹

354 2206 415 2248 non
442 2189 540 2267 potuit
568 2188 625 2248 nisi
651 2187 787 2265 impensa
815 2183 1052 2246 Massiliensium.
1104 2183 1166 2244 lam
1200 2200 1269 2242 vero
1304 2198 1375 2242 cum
1406 2178 1478 2240 haec

354 2289 470 2349 colonia
493 2295 522 2350 et
544 2287 618 2348 Iulia
639 2286 807 2367 appelletur
835 2294 864 2347 et
886 2286 960 2347 Iulia
981 2288 1128 2364 Augusta,
1155 2281 1275 2344 difficile
1298 2291 1346 2344 est
1368 2281 1478 2342 diiudi-

355 2395 438 2458 catu,
469 2387 505 2448 ab
529 2396 596 2448 utro
619 2407 656 2448 ex
678 2387 725 2448 his
747 2386 944 2466 repetendum
972 2388 1010 2448 sit
1037 2386 1066 2447 id
1087 2388 1144 2447 ius.
1191 2386 1275 2457 Quae
1297 2385 1335 2446 dc
1357 2383 1480 2464 oppidis

356 2488 437 2550 Iuliis
460 2496 489 2548 et
511 2488 592 2550 Iuliis
613 2489 754 2566 Augustis
777 2491 911 2566 quaestio
940 2489 1067 2550 eumad
1090 2505 1178 2550 omne
1200 2487 1360 2566 imperium
1385 2487 1478 2565 pcrti-

357 2598 426 2652 neat
447 2589 628 2659 Romanum,
658 2608 675 2650 a
696 2591 767 2650 viris
790 2590 884 2652 doctis
905 2588 973 2669 plus
995 2588 1087 2650 semel
1110 2597 1155 2650 est
1176 2605 1341 2668 perpensa,
1370 2589 1479 2649 certic·

321 2753 323 2758 .
356 2711 421 2753 rem
444 2709 513 2752 vero
535 2690 648 2769 legem,
679 2708 754 2768 quac
778 2700 807 2752 et
828 2693 922 2770 ipsius
943 2692 988 2752 rei
1010 2699 1134 2753 naturae
1156 2697 1358 2751 consentaneo
1383 2698 1431 2751 est
1453 2697 1482 2748 et

356 2792 564 2874 frequentibus
587 2792 731 2871 exemplis
752 2791 905 2872 probatur,
928 2794 1041 2854 invenit
1063 2787 1260 2870 Borghesili),
1285 2807 1384 2868 eaque
1408 2790 1481 2852 haec

358 2904 416 2957 est:
442 2912 517 2973 quae
540 2893 613 2956 Iulia
636 2893 775 2956 dicuutur
798 2894 906 2974 oppida
929 2911 1038 2956 nomen
1060 2893 1212 2956 duxerunt
1233 2901 1284 2954 aut
1306 2911 1323 2954 a
1346 2893 1378 2954 C.
1406 2893 1481 2955 lulio

357 2998 482 3060 Caesare
510 2996 671 3066 dictatore,
701 2998 762 3058 sive
789 2998 854 3076 ipse
884 3014 918 3055 ea
947 2991 1100 3056 constituit
1127 2996 1188 3056 sive
1217 2997 1481 3056 constituerunte

355 3097 421 3176 lege
443 3097 516 3161 lulia
538 3099 698 3168 triumviri,
729 3104 779 3158 aut
801 3117 818 3158 a
840 3097 871 3158 C.
896 3095 970 3157 lulio
994 3096 1120 3157 Caesare
1143 3094 1305 3158 Octaviano
1333 3103 1406 3157 ante
1430 3115 1480 3157 an·

356 3218 427 3260 num
451 3204 501 3268 27,
526 3217 562 3259 ex
586 3217 644 3276 quo
667 3217 744 3260 anno
767 3198 815 3260 hic
835 3199 960 3276 Augusti
981 3196 1099 3259 titulum
1124 3199 1242 3277 etipse
1265 3199 1433 3276 assumpsit
1455 3203 1484 3257 et

254 3319 256 3323 ’
357 3299 394 3361 ad
417 3316 467 3360 eas
489 3318 539 3360 res
562 3298 677 3361 solebat
702 3300 881 3369 transferre,
911 3316 984 3376 quas
1013 3318 1068 3360 suo
1096 3301 1216 3360 nomine
1244 3301 1379 3378 insignes
1417 3316 1483 3360 esse

356 3399 481 3461 volebat.
527 3400 611 3462 Unde
635 3403 842 3478 consequitur,
871 3401 995 3478 Augusti
1022 3398 1143 3478 quidem
1171 3402 1303 3462 nominis
1332 3402 1483 3478 originem

357 3518 503 3577 nusquam
527 3519 593 3562 esse
615 3498 824 3580 incertum³⁴)‚
849 3507 951 3566 contra
974 3500 1082 3563 lulium
1105 3503 1131 3564 si
1154 3502 1224 3580 qnid
1247 3501 1358 3563 dicitur
1383 3518 1484 3579 neque

428 3751 472 3818 32)
491 3754 534 3803 De
552 3752 581 3802 le
600 3752 739 3818 Saueseye
757 3771 783 3819 p.
804 3755 860 3803 142.

425 3835 469 3902 33)
487 3835 624 3902 Borghesi
641 3836 702 3887 loco
720 3853 802 3904 supra
821 3836 888 3902 (not.
907 3837 951 3900 25)
968 3841 1075 3891 notato.
1119 3837 1120 3840 ’

426 3920 470 3987 34)
494 3921 537 3971 De
561 3921 680 3978 nominis
703 3922 809 3988 origine
833 3922 857 3974 si
875 3921 1006 3982 dicimus,
1032 3937 1136 3973 caveas
1157 3939 1192 3973 ne
1217 3923 1252 3973 de
1275 3923 1365 3989 ipsius
1391 3924 1487 3990 oppidi

358 4007 464 4072 origine
483 4007 603 4071 cogitem
624 4010 654 4055 ut
673 4006 745 4056 enim
763 4021 818 4056 non
837 4009 879 4056 est
896 4006 1015 4070 dubium,
1035 4007 1101 4072 quin
1120 4007 1298 4058 exNemeusi
1315 4011 1485 4074 cognomine

358 4090 485 4143 coloniae
503 4091 646 4156 Augustae
672 4100 868 4156 consequatur,
892 4089 1044 4156 Augustum
1067 4091 1096 4140 id
1124 4107 1279 4156 cognomen
1289 4091 1427 4155 dedisse,
1445 4094 1487 4142 ite

358 4190 534 4240 nequequam
552 4169 618 4225 inde
641 4175 807 4238 concludas,
832 4189 958 4226 caussam
979 4175 1062 4226 inditi
1085 4176 1257 4241 cognominis
1278 4191 1393 4243 semper
1425 4193 1487 4230 esse

358 4261 474 4325 primam
498 4259 592 4326 oppidi
620 4259 764 4324 originem.
807 4258 860 4320 Qui
888 4275 987 4310 nomen
1014 4259 1113 4310 indidit
1141 4261 1294 4327 imperator
1319 4262 1487 4328 plerumque

360 4344 467 4408 quidem
480 4345 583 4409 primus
603 4347 664 4394 erat
682 4347 787 4404 auctor,
807 4342 944 4393 interdum
962 4359 1028 4396 vero
1047 4348 1144 4396 auctor
1161 4343 1364 4398 beneficiorum
1384 4345 1489 4414 oppido

358 4424 464 4492 pridem
482 4427 592 4480 condito
612 4426 782 4479 collatorum.
