3184 5162
597 469 794 531 PROORMlVM.
1212 479 1246 541 11

136 638 226 697 armis
247 639 306 698 vim
329 645 467 700 arcentes
489 659 556 701 cum
581 641 617 702 ad
639 643 714 702 ostia
736 641 887 714 Rhodani,
917 651 950 705 ut
971 644 1042 705 dicit
1064 643 1249 724 lustinos³⁸),

136 739 164 798 in
186 740 296 801 tinibus
316 740 561 820 Segobrigiorum
582 743 675 806 solide
698 746 909 815 constitissent,
933 746 1017 807 hrevi
1039 754 1174 827 tempore
1196 767 1251 828 per

137 839 201 902 illos
230 844 305 904 situs
334 843 558 915 inclaruerunt,
588 854 678 924 atque
707 867 773 908 cum
805 851 956 926 sexaginta
985 849 1047 909 lere
1076 852 1161 911 annis
1182 856 1251 930 post

142 945 201 1004 sire
224 963 304 1007 anno
327 965 352 1007 a.
378 945 429 1008 Ch.
459 953 519 1014 536
543 947 784 1011 Phocaeensibus
804 952 835 1010 in
858 950 939 1012 lonia
961 951 1129 1022 accidisset,
1159 960 1193 1013 ut
1214 952 1251 1012 ab

138 1046 280 1126 llarpago,
305 1048 374 1128 Cyri
395 1051 476 1131 regis
498 1050 582 1120 duce,
606 1053 697 1112 misso
721 1052 757 1112 ad
779 1051 866 1114 lones
889 1053 1077 1115 subiciendos
1100 1071 1137 1114 ex
1156 1055 1251 1132 patria

12 1155 13 1164 ’
110 1149 357 1227 ¹expellerentur
385 1158 415 1211 et
447 1151 631 1214 occidentem
662 1171 767 1214 versus
794 1156 947 1233 lugerent,
977 1174 1047 1234 pars
1074 1155 1193 1233 quidem
1220 1158 1251 1216 in
1333 1159 1337 1170 '

137 1249 262 1312 Lucania
283 1251 397 1313 Veliam
420 1252 632 1323 condidit,«alii
653 1273 724 1316 vero
739 1256 896 1318 Massiliam
920 1275 951 1318 se
974 1265 1185 1320 converterunt
1206 1263 1249 1318 at·

136 1368 190 1428 que
217 1359 334 1414 tantum
363 1356 539 1416 incrementi
561 1357 630 1419 huic
653 1358 785 1420 coloniae
813 1358 985 1430 attulerunt,
1014 1365 1046 1420 ut
1068 1360 1165 1421 denuo
1188 1365 1249 1421 tum

135 1454 252 1515 condita
266 1455 419 1517 videretur
435 1457 615 1537 Massilia.³⁹)
642 1462 678 1521 At
694 1460 730 1520 ah
746 1460 837 1521 altera
852 1480 972 1540 quoqne
987 1468 1071 1540 parte
1087 1461 1249 1522 secundum

134 1555 293 1635 Hispaniae
316 1557 397 1619 littus
420 1562 560 1637 navigans
588 1561 643 1626 alia
666 1563 857 1624 Graecorum
876 1580 950 1640 gens
978 1563 1013 1623 ad
1037 1563 1180 1643 Pyrenaei
1202 1583 1249 1624 ra·

134 1657 212 1720 dices
238 1662 393 1738 pervenit:
426 1659 562 1722 Rhodii
596 1666 675 1724 enim
702 1683 780 1724 anno
808 1666 872 1726 lere
898 1672 959 1734 578
988 1684 1022 1726 eu
1047 1665 1145 1726 Sicilia
1173 1665 1251 1745 pulsi

133 1763 262 1839 primum
278 1781 347 1823 cum
364 1763 475 1825 Cnidiis
490 1765 627 1845 Liparum
643 1766 770 1827 insulam
786 1775 979 1846 oocrrparunt
1003 1767 1110 1828 deinde
1133 1766 1251 1846 longius

134 1866 266 1940 provecti
301 1883 396 1944 prope
424 1866 498 1926 ssnes
526 1867 653 1929 Gallicos
689 1869 824 1929 Rhodam
854 1868 1015 1938 coloniam,
1052 1887 1127 1947 quae
1161 1869 1250 1930 hodie

135 1965 259 2026 Rhodus
281 1974 339 2032 est,
368 1966 619 2048 condiderunt.⁴⁰)
671 1971 774 2049 Neque
803 1988 872 2030 vero
900 1989 955 2048 per
981 1969 1103 2047 longum
1132 1978 1251 2050 tempus

133 2067 171 2127 ihi
192 2069 361 2128 consistere
385 2075 414 2128 et
436 2089 544 2130 nomen
568 2090 654 2132 suum
676 2089 842 2151 propagare
864 2077 1034 2150 potuerunt,
1060 2078 1148 2149 atque
1171 2073 1250 2150 quod

12 2159 13 2162 '
68 2217 72 2222 .
133 2168 242 2231 Plinius
274 2188 371 2247 usque
399 2171 436 2231 ad
457 2171 632 2234 Rhodanum
663 2193 714 2234 eos
741 2182 898 2252 provectos
924 2192 990 2234 esse
1018 2173 1123 2243 tradit,
1153 2180 1183 2234 et
1209 2174 1251 2234 ibi

133 2290 252 2352 quoque
275 2271 410 2332 Rhodam
433 2271 538 2333 urbem
563 2276 730 2336 condidisse
760 2294 793 2336 ac
821 2275 936 2335 llumini
957 2276 1015 2354 ipsi
1037 2294 1146 2336 nomen
1168 2278 1249 2336 inve·

134 2375 219 2444 nisse,
245 2376 277 2433 in
301 2392 337 2433 eo
360 2371 437 2434 haud
462 2375 551 2436 duhie
574 2373 736 2456 erravit.⁴¹)
782 2377 876 2437 lmmo
899 2377 1046 2439 Strabone
1069 2385 1191 2440 auctore
1212 2397 1250 2442 ue

198 2681 244 2744 38)
265 2682 364 2735 Iustin.
383 2685 429 2745 33,
449 2686 474 2733 3.
510 2681 651 2744 Quomodo
674 2683 865 2734 Massilienses
888 2684 968 2734 modo
990 2699 1060 2749 pace
1079 2687 1107 2735 et
1124 2685 1251 2750 prudenti
1304 2675 1311 2683 ’

134 2767 250 2817 consilio
268 2766 348 2816 modo
367 2768 451 2817 armis
471 2772 498 2817 et
516 2771 629 2817 strenua
641 2767 802 2820 fortitudine
816 2784 875 2819 cum
890 2769 1027 2834 indigenis
1041 2770 1158 2835 egerint,
1176 2771 1251 2822 belle

135 2851 260 2902 indicant
278 2856 387 2902 veteres
407 2851 510 2902 fabulis
523 2851 557 2901 de
570 2852 672 2918 nuptiis
684 2852 805 2902 Protidis
823 2854 882 2902 sive
896 2853 1003 2902 Euneni
1015 2855 1250 2905 Phocaeeeusium

134 2935 208 2987 ducis
233 2952 296 2986 cum
319 2937 411 2986 Nanni
435 2935 585 3002 indigenae
609 2937 683 3001 regis
705 2937 763 2987 filia
787 2937 915 3000 (Aristot.
936 2937 1008 3002 apud
1025 2937 1124 2988 Athen.
1145 2941 1190 3002 13,
1208 2941 1250 2991 36.

133 3022 227 3075 lustin.
247 3023 290 3086 43,
306 3025 330 3073 3.
361 3021 502 3070 Plutarch.
524 3019 614 3073 Solon.
634 3021 660 3083 2)
680 3027 709 3071 et
727 3023 760 3072 de
774 3022 889 3072 Comani
902 3022 1033 3087 Ligurum
1051 3024 1125 3089 regis
1143 3023 1251 3076 insidiis

134 3105 352 3171 Catumuudique
371 3105 548 3156 finitimarum
566 3108 689 3171 gentium
707 3106 785 3158 ducis
803 3107 908 3158 somnio
928 3106 1033 3170 (lustin.
1051 3106 1098 3172 43,
1116 3109 1140 3159 4.
1161 3107 1196 3171 5).

109 3209 111 3216 ’
160 3259 163 3263 ,
197 3209 244 3273 39)
265 3208 321 3262 Ofr.
341 3224 413 3272 quae
431 3224 457 3258 n.
475 3210 508 3259 37
527 3209 682 3261 citavimus.

197 3309 243 3375 40)
264 3309 365 3360 Strabo
384 3312 429 3368 14,
449 3312 512 3361 654:
537 3301 591 3374 ἀφ’
616 3296 650 3362 οὖ
668 3307 718 3362 nal
735 3305 818 3377 μέχρι
833 3300 958 3376 Ἰβηρίας
977 3305 1117 3362 ἔπλευσαν
1137 3305 1183 3375 (ol
1195 3303 1251 3364 ‘Po'-

134 3394 216 3463 διοι),
241 3385 331 3446 salnai
345 3388 398 3458 niu
416 3386 469 3460 τὴν
485 3384 582 3446 Ῥόδον
601 3388 729 3459 ἔκτισαν,
754 3383 791 3460 ἣν
808 3385 926 3460 ὕστερον
944 3394 1151 3446 Μασσαλιῶται
1169 3391 1253 3447 κατέ-

134 3494 213 3545 σχον,
238 3495 320 3544 quem
344 3480 478 3544 excripsit
500 3480 628 3532 Eustath.
653 3480 688 3529 ad
706 3480 820 3544 Dionys.
845 3496 872 3530 v.
890 3482 940 3532 504
957 3480 1067 3530 dicens:
1092 3469 1158 3532 iel
1178 3482 1251 3532 Γεω-

134 3557 244 3629 γρσὶφος
267 3561 338 3630 anal
363 3560 412 3614 nai
434 3553 479 3615 ὅτι
501 3559 674 3624 πλεύσαντες
701 3558 732 3616 οἱ
748 3556 852 3616 Ῥόδιοι
875 3560 971 3631 μέχρις
990 3556 1113 3631 Ἰβηρίας
1137 3561 1252 3618 ἔκτισαν

134 3641 195 3701 ἐκεῖ
209 3638 295 3702 πόλιν
309 3641 417 3701 Ῥόδον.
437 3675 467 3686 ·-
489 3648 545 3700 Cfr.
566 3648 685 3708 (turtius,
705 3649 814 3701 Grieoh.
833 3649 933 3700 sesan.
952 3651 980 3710 1,
994 3651 1043 3700 366
1056 3666 1096 3715 sq.
1127 3650 1251 3704 Momms.

134 3735 284 3798 1,1essq.

198 3835 244 3899 41)
263 3837 349 3902 Legis
368 3835 440 3900 apud
458 3835 578 3886 Plinium
596 3836 622 3887 h.
635 3851 662 3885 n.
681 3839 705 3898 3,
718 3837 747 3885 5:
766 3837 871 3902 Anatha
883 3837 1007 3904 quondam
1019 3837 1215 3888 Massiliensium
1227 3846 1251 3888 et

133 3924 202 3987 renio
224 3921 362 3973 Volcarum
383 3921 547 3988 Tectoeayum
564 3930 640 3988 utque
657 3921 700 3972 ubi
715 3922 807 3973 Rhoda
824 3923 978 3974 Rhodiorum
992 3923 1057 3985 fuit:
1074 3923 1140 3973 unde
1158 3924 1252 3973 dicitur

133 4008 206 4056 multo
232 4006 370 4056 Galliarum
388 3996 561 4069 fertilissimus
583 4009 673 4069 omnim
697 4007 768 4071 quod
785 4008 895 4058 videtur
913 4005 1067 4057 confirmari
1085 4005 1190 4056 duobus
1208 4007 1251 4056 his

134 4089 209 4149 loeis,
226 4091 390 4154 Hieronym.
410 4094 554 4144 comment.
574 4093 653 4159 epist.
678 4091 713 4142 ad
732 4090 823 4144 Galat.
843 4094 872 4154 2,
891 4095 920 4143 3:
944 4091 1063 4156 oppidum
1078 4089 1193 4140 Rhodam
1210 4106 1251 4141 co·

137 4175 187 4224 loni
196 4175 352 4226 Rhodiarum
365 4177 523 4236 locauerunt,
540 4178 607 4228 unde
624 4177 763 4228 Rhodanus
779 4193 867 4228 nomen
879 4178 991 4240 accepts,
1010 4178 1039 4225 et
1056 4172 1153 4224 Isidor.
1173 4172 1250 4241 Orig.

136 4261 176 4322 13,
193 4261 241 4310 29:
259 4259 399 4310 Rhodanus
418 4260 516 4312 Galliae
532 4262 620 4326 fluuius
638 4261 670 4312 ab
688 4262 783 4328 oppido
796 4261 887 4311 Rhoda
899 4261 1098 4324 connominatus,
1117 4273 1190 4323 quam
1207 4275 1249 4310 aa·

133 4345 184 4394 lani
193 4345 348 4396 Rhodiorum
360 4347 514 4395 locaverunt.
550 4345 587 4395 At
603 4347 719 4412 primum
737 4343 838 4410 triplex
856 4342 907 4393 hoc
922 4341 1106 4393 testimonium
1119 4342 1155 4392 ad
1166 4358 1250 4394 unum

133 4428 310 4498 redigendum
322 4433 374 4492 est,
387 4430 488 4496 quippe
507 4445 568 4480 eum
587 4434 682 4496 aperte
695 4429 817 4482 Isidorus
836 4427 1047 4498 Hieronymum,
1066 4427 1250 4500 Hieronymus
