3148 5160
529 451 621 508 ‘PARS
643 451 676 506 ll.'
717 449 823 506 CAl’Vl'
845 451 875 506 ll.
901 452 905 458 '
1198 451 1258 514 235

143 620 378 682 extraordinarii.
425 618 562 681 Cultorcs
592 637 660 679 vero
688 617 766 680 Urae
794 619 884 684 tontis
912 615 1022 697 (254),
1053 617 1182 678 cultores
1204 617 1258 679 La-

142 741 210 784 rmn
234 719 327 804 (287),
352 723 485 799 magistri
506 721 616 781 Larum
638 723 838 798 Augustorum
863 716 943 800 (607)
968 737 1027 780 non
1049 718 1183 798 publice,
1206 719 1258 778 sed

141 827 277 904 privatim
306 843 370 885 rem
400 823 526 883 divinam
555 821 716 890 faciehant;
753 827 857 882 contra
882 821 1016 902 dictator
1043 820 1092 880 ille
1119 822 1150 880 in
1178 821 1257 882 luni·

140 927 232 1002 liciis,
264 927 315 1003 qui
337 927 368 986 in
390 924 579 986 Narbonensi
601 923 685 984 titulo
709 929 972 992 commemoratur,
1003 923 1069 983 lieri
1091 930 1202 1002 potest,
1226 929 1259 982 ut

139 1028 261 1108 publice
284 1029 321 1088 'sit
342 1029 510 1096 institutus,
540 1026 607 1097 sed,
637 1033 670 1086 ut
697 1026 826 1095 ridetur,
855 1024 891 1084 ad
920 1024 1141 1102 suscipiendum
1171 1025 1258 1084 unius

141 1131 201 1190 diei
222 1131 290 1192 festi
313 1129 529 1197 sacerdotium,
559 1145 634 1215 quae
658 1127 797 1205 dignitas,
827 1127 965 1205 quoniam
993 1133 1040 1186 ter
1061 1125 1111 1186 ille
1134 1126 1259 1188 dictator

141 1231 249 1293 dicitur
272 1231 372 1300 luisse,
396 1229 520 1308 singulis
543 1231 627 1290 annis
650 1229 747 1290 denuo
770 1228 885 1289 ridetur
909 1246 974 1288 esse
997 1226 1101 1289 delata.

226 1333 359 1410 Denique
388 1333 524 1411 inprimis
553 1338 720 1392 memoratu
747 1331 835 1409 digna
864 1336 947 1399 sunt,
978 1345 1053 1406 quae
1081 1349 1117 1390 eu
1146 1329 1192 1390 his
1214 1331 1258 1391 in-

140 1436 252 1496 stitutis
275 1435 311 1496 ad
334 1433 446 1495 cultum
468 1435 619 1513 pertinent
645 1435 871 1511 imperatorum.
916 1432 998 1492 lnter
1027 1449 1101 1508 quae
1128 1434 1257 1519 primum

138 1536 240 1596 locum
262 1535 376 1596 obtinet
390 1536 489 1615 ipsum
512 1535 685 1605 flaminium,
710 1534 787 1614 quod
804 1553 863 1594 non
881 1533 992 1603 dubito,
1017 1536 1087 1613 quin
1109 1537 1139 1595 in
1163 1537 1256 1595 omni·

138 1638 196 1698 bus
233 1639 401 1716 municipiis
434 1637 470 1697 ad
505 1637 617 1698 cultum
643 1638 769 1714 Augusti
801 1638 840 1696 sit
871 1635 1073 1696 referendum.
1125 1636 1257 1697 Primum

139 1740 267 1799 enimsi
291 1739 358 1799 Sex.
382 1741 483 1800 Vencii
504 1740 667 1799 luventiani
689 1738 809 1799 titulum
836 1738 879 1820 (n.
905 1735 980 1816 453)
1005 1738 1133 1808 confers,
1163 1737 1257 1799 llami·

138 1859 209 1901 nem
231 1841 295 1903 Divi
316 1842 441 1920 Augusti
463 1842 555 1902 luisse
578 1859 647 1901 eum
670 1839 751 1900 vides
775 1848 803 1900 et
825 1840 917 1910 Deae,
949 1841 1032 1900 cuius
1060 1859 1169 1900 nornen
1197 1860 1257 1902 non

137 1942 251 2002 diserte
282 1945 475 2021 exprimitur,
506 1942 558 2004 scd
585 1960 641 2021 per
664 1961 695 2002 se
724 1940 921 2018 intellegitur,
951 1947 981 2000 et
1008 1940 1064 2000 looi
1093 1943 1255 2010 cuiusdam,

138 2043 219 2122 quod
248 2043 401 2104 dicebatur
429 2043 602 2113 Villianum;
633 2046 691 2104 iam
721 2028 790 2103 ven
819 2062 887 2104 cum
915 2043 1030 2102 dicatur
1058 2041 1165 2102 flamen
1193 2043 1257 2103 Divi

137 2147 264 2223 Augusti
288 2145 338 2227 (sc.
362 2146 467 2227 Deae),
491 2150 558 2207 item
581 2146 689 2206 llamen
712 2145 841 2213 Villiani,
866 2150 990 2224 apparet
1012 2143 1176 2204 ssaminium
1197 2146 1255 2206 Au·

135 2249 217 2325 gusti
243 2246 323 2308 idem
350 2266 417 2308 esse
446 2267 480 2308 ac
508 2248 672 2309 flaminium
701 2266 785 2308 mere
818 2246 939 2307 dictum.
992 2245 1103 2306 Deinde
1134 2253 1256 2325 excepta

135 2349 250 2410 Vienna
277 2351 309 2409 in
338 2349 420 2410 nollo
449 2350 505 2412 alio
533 2349 621 2410 huius
651 2351 818 2429 provinciae
846 2348 955 2428 oppido
983 2345 1109 2407 aliorum
1132 2348 1256 2409 deorum

105 2511 107 2516 .
135 2450 272 2512 flamines
295 2453 486 2512 inveniuntur
509 2471 596 2531 qnam
619 2452 683 2512 Divi
705 2452 843 2529 Augusti,
874 2450 1008 2511 llamines
1030 2457 1129 2511 autent
1152 2468 1256 2512 omnes

136 2555 212 2613 certi
234 2553 387 2614 cuiusdam
410 2553 459 2613 dei
481 2560 564 2623 sunt,
596 2571 666 2631 ergo
695 2555 720 2614 si
747 2555 778 2613 in
805 2572 864 2632 quo
892 2551 1001 2632 oppido
1029 2551 1164 2614 flamines
1186 2561 1257 2614 sunt

134 2655 201 2716 Divi
222 2657 345 2734 Augusti
368 2655 560 2735 flaminesque
583 2674 664 2715 mere
688 2655 773 2726 dicti,
803 2674 862 2716 non
891 2656 949 2714 duo
971 2672 1081 2732 genera
1103 2654 1256 2716 flaminum

134 2756 177 2824 ibi
199 2756 300 2827 habes,
324 2757 377 2818 sed
400 2777 502 2827 unum,
528 2757 680 2818 llaminum
702 2757 814 2817 scDicet
829 2756 1044 2833 Augustalium.
1089 2756 1164 2817 Tum
1182 2775 1255 2834 qnos

132 2859 165 2918 in
188 2858 366 2938 quibusdam
389 2859 507 2938 oppidis
530 2861 698 2920 invenimus
714 2858 848 2920 llamines
863 2858 975 2918 Romae
998 2863 1027 2916 et
1042 2857 1105 2917 Divi
1120 2859 1253 2936 Augusti,

133 2962 183 3020 cui
206 2959 263 3021 deo
286 2961 425 3022 Nemausi
448 2962 563 3023 Drusus
592 2962 682 3022 etiam
711 2967 740 3020 et
769 2960 963 3020 Germanicus
994 2958 1134 3019 Caesares
1160 2961 1255 3021 iuncti

133 3069 218 3132 suut,
250 3062 305 3123 hos
333 3062 502 3123 sacerdotes
530 3061 614 3123 facile
644 3062 818 3140 cognoveris
845 3060 881 3120 ad
910 3065 1036 3120 aetatem
1058 3061 1254 3139 antiquiorem

131 3165 302 3243 pertinere,
328 3169 357 3223 et
379 3165 426 3223 vix
451 3164 527 3225 ultra
550 3164 662 3225 Tiberii
688 3170 808 3243 tempus
830 3161 1002 3241 procedere.
1049 3162 1130 3233 Quos
1150 3182 1254 3224 omnes

132 3267 272 3344 suspicor
295 3264 428 3326 sublatos
457 3285 522 3327 esse
551 3265 682 3327 flaminio
709 3267 834 3343 Augusti
860 3282 915 3343 per
943 3265 1042 3324 omnia
1069 3263 1253 3344 oppida-ae·

131 3366 261 3447 qualiter
283 3366 467 3437 introducto,
499 3368 576 3428 unDe
605 3367 651 3428 his
680 3369 763 3428 novis
792 3365 960 3426 flaminibus
988 3365 1198 3444 Augustalibus
1225 3376 1255 3429 et

129 3470 227 3547 ipsius
256 3468 322 3527 Diri
354 3469 477 3546 Augusti
509 3476 538 3528 et
571 3472 726 3530 universae
762 3469 869 3529 domus
902 3469 1050 3545 Augustae
1080 3467 1177 3530 cultus
1210 3477 1255 3530 est

128 3568 308 3638 mandatus,
338 3570 410 3648 quin
438 3571 524 3632 etiam
553 3571 650 3632 cultus
679 3590 782 3631 eorum
810 3572 1023 3647 Augustorum,
1051 3571 1103 3649 qui
1126 3573 1253 3632 extincta

128 3673 222 3733 domo
251 3668 325 3730 lulla
354 3670 389 3730 ad
418 3672 617 3751 principatum
644 3680 860 3753 pervenerunt;
898 3677 960 3750 quo'
990 3673 1100 3732 lactum
1130 3681 1190 3742 est,
1220 3678 1253 3732 ot

129 3773 262 3852 Augusti
284 3790 395 3833 nomen
416 3791 477 3834 non
491 3775 550 3834 iam
572 3774 667 3836 solum
685 3757 872 3835 conditorem
883 3773 965 3834 illum
981 3774 1174 3854 principatus,
1199 3773 1252 3834 sed

54 3901 57 3906 ·
128 3892 238 3936 omnes
254 3892 306 3934 cos
329 3874 610 3954 comprehenderet,
636 3877 687 3953 qui
710 3878 785 3936 etin
808 3877 978 3954 principatu
1002 3883 1031 3936 et
1051 3874 1251 3935 indivinitate

128 3979 156 4038 ei
181 3983 405 4036 successerunt.
439 3977 475 4037 Et
492 3977 597 4038 eodem
619 3986 769 4056 tempore,
789 3996 847 4056 quo
870 3975 927 4036 hoc
941 3978 1067 4053 Augusti
1086 3977 1251 4037 flaminium

127 4077 285 4154 vulgatum
313 4083 358 4136 est
385 4095 440 4155 per
468 4080 642 4157 municipia,
682 4080 819 4157 suspicor
853 4079 1017 4138 sevirorum
1045 4077 1250 4155 Augustalium

128 4195 243 4239 munus
267 4176 406 4238 libertino
429 4178 527 4239 ordini
551 4197 616 4240 csse
637 4179 793 4240 traditum:
824 4186 983 4258 postquam
1012 4181 1091 4238 onim
1113 4177 1249 4239 sacerdo·

127 4284 205 4341 tium
229 4279 362 4356 Augusto
377 4279 561 4342 ordinarium
577 4284 726 4341 communi
746 4278 927 4360 reipublicae
942 4280 1062 4339 nomine
1086 4286 1115 4339 ct
1130 4286 1250 4359 sumptu

128 4388 175 4442 est
198 4382 377 4450 institutum,
402 4380 438 4440 ad
462 4382 540 4457 qood
563 4382 740 4444 accederent
762 4381 927 4462 municipes
948 4382 1070 4462 ingenui
1095 4383 1176 4465 iique
1198 4381 1249 4442 de·
