<?xml version="1.0" encoding="UTF-8"?>
<!DOCTYPE html PUBLIC "-//W3C//DTD XHTML 1.0 Transitional//EN"
    "http://www.w3.org/TR/xhtml1/DTD/xhtml1-transitional.dtd">
<html xmlns="http://www.w3.org/1999/xhtml" xml:lang="en" lang="en">
 <head>
  <title>
</title>
<meta http-equiv="Content-Type" content="text/html;charset=utf-8" />
  <meta name='ocr-system' content='tesseract 3.04.00' />
  <meta name='ocr-capabilities' content='ocr_page ocr_carea ocr_par ocr_line ocrx_word'/>
</head>
<body>
  <div class='ocr_page' id='page_1' title='image "./galliaenarbonen01herzgoog_0156.png"; bbox 0 0 3154 5162; ppageno 0'>
   <div class='ocr_carea' id='block_1_1' title="bbox 367 427 1210 516">
    <p class='ocr_par' dir='ltr' id='par_1_1' title="bbox 367 427 1210 516">
     <span class='ocr_line' id='line_1_1' title="bbox 367 427 1210 516; baseline -0.008 -24"><span class='ocrx_word' id='word_1_1' title='bbox 367 430 428 492; x_wconf 79' lang='lat'>140</span> <span class='ocrx_word' id='word_1_2' title='bbox 756 427 840 486; x_wconf 90' lang='lat' dir='ltr'>PARS</span> <span class='ocrx_word' id='word_1_3' title='bbox 861 428 891 485; x_wconf 92' lang='lat' dir='ltr'>ll.</span> <span class='ocrx_word' id='word_1_4' title='bbox 934 429 1040 486; x_wconf 81' lang='lat' dir='ltr'>CAPVI&#39;</span> <span class='ocrx_word' id='word_1_5' title='bbox 1062 429 1082 486; x_wconf 95' lang='lat' dir='ltr'>l.</span> <span class='ocrx_word' id='word_1_6' title='bbox 1108 508 1112 516; x_wconf 29' lang='grc' dir='ltr'>ι</span> <span class='ocrx_word' id='word_1_7' title='bbox 1205 455 1210 465; x_wconf 88' lang='grc'><em>·</em></span> 
     </span>
    </p>
   </div>
   <div class='ocr_carea' id='block_1_2' title="bbox 365 575 1472 782">
    <p class='ocr_par' dir='ltr' id='par_1_2' title="bbox 365 575 1472 782">
     <span class='ocr_line' id='line_1_2' title="bbox 366 575 1472 678; baseline -0.002 -20"><span class='ocrx_word' id='word_1_8' title='bbox 366 596 509 666; x_wconf 58' lang='lat' dir='ltr'>Caducae·</span> <span class='ocrx_word' id='word_1_9' title='bbox 531 597 585 658; x_wconf 87' lang='lat' dir='ltr'>olr.</span> <span class='ocrx_word' id='word_1_10' title='bbox 608 597 685 659; x_wconf 86' lang='lat' dir='ltr'>iulra</span> <span class='ocrx_word' id='word_1_11' title='bbox 709 615 775 678; x_wconf 90' lang='lat' dir='ltr'>app.</span> <span class='ocrx_word' id='word_1_12' title='bbox 798 595 835 656; x_wconf 92' lang='lat' dir='ltr'>ad</span> <span class='ocrx_word' id='word_1_13' title='bbox 855 615 884 658; x_wconf 91' lang='lat' dir='ltr'>n.</span> <span class='ocrx_word' id='word_1_14' title='bbox 901 592 989 674; x_wconf 74' lang='lat' dir='ltr'>tall:</span> <span class='ocrx_word' id='word_1_15' title='bbox 1014 595 1050 656; x_wconf 88' lang='lat' dir='ltr'>ad</span> <span class='ocrx_word' id='word_1_16' title='bbox 1067 575 1195 668; x_wconf 84' lang='lat' dir='ltr'>Turrem</span> <span class='ocrx_word' id='word_1_17' title='bbox 1213 595 1285 672; x_wconf 76' lang='lat' dir='ltr'>(itin.</span> <span class='ocrx_word' id='word_1_18' title='bbox 1303 617 1333 677; x_wconf 89' lang='lat' dir='ltr'>p.</span> <span class='ocrx_word' id='word_1_19' title='bbox 1351 596 1423 675; x_wconf 83' lang='lat'>298)</span> <span class='ocrx_word' id='word_1_20' title='bbox 1440 615 1472 658; x_wconf 89' lang='lat' dir='ltr'>m.</span> 
     </span>
     <span class='ocr_line' id='line_1_3' title="bbox 365 697 1471 782; baseline 0.001 -23"><span class='ocrx_word' id='word_1_21' title='bbox 365 717 393 778; x_wconf 89' lang='lat' dir='ltr'>p.</span> <span class='ocrx_word' id='word_1_22' title='bbox 411 697 492 760; x_wconf 86' lang='lat' dir='ltr'>XIIII</span> <span class='ocrx_word' id='word_1_23' title='bbox 515 717 530 760; x_wconf 92' lang='lat' dir='ltr'>a</span> <span class='ocrx_word' id='word_1_24' title='bbox 553 697 717 761; x_wconf 86' lang='lat' dir='ltr'>llatavonio</span> <span class='ocrx_word' id='word_1_25' title='bbox 735 699 822 782; x_wconf 78' lang='lat' dir='ltr'>(XVli</span> <span class='ocrx_word' id='word_1_26' title='bbox 843 698 956 780; x_wconf 68' lang='lat' dir='ltr'>Pena),</span> <span class='ocrx_word' id='word_1_27' title='bbox 979 698 1087 760; x_wconf 88' lang='lat' dir='ltr'>XXXII</span> <span class='ocrx_word' id='word_1_28' title='bbox 1109 697 1146 758; x_wconf 92' lang='lat' dir='ltr'>ab</span> <span class='ocrx_word' id='word_1_29' title='bbox 1167 701 1258 780; x_wconf 82' lang='lat' dir='ltr'>Aquis</span> <span class='ocrx_word' id='word_1_30' title='bbox 1281 699 1358 780; x_wconf 89' lang='lat' dir='ltr'>(app.</span> <span class='ocrx_word' id='word_1_31' title='bbox 1386 701 1471 780; x_wconf 81' lang='lat' dir='ltr'>epigr.</span> 
     </span>
    </p>
   </div>
   <div class='ocr_carea' id='block_1_3' title="bbox 364 799 1559 1085">
    <p class='ocr_par' dir='ltr' id='par_1_3' title="bbox 364 799 1559 1085">
     <span class='ocr_line' id='line_1_4' title="bbox 365 799 1559 880; baseline 0.001 -19"><span class='ocrx_word' id='word_1_32' title='bbox 365 818 393 861; x_wconf 91' lang='lat' dir='ltr'>n.</span> <span class='ocrx_word' id='word_1_33' title='bbox 417 804 494 868; x_wconf 88' lang='grc'>385;</span> <span class='ocrx_word' id='word_1_34' title='bbox 523 799 654 862; x_wconf 82' lang='lat' dir='ltr'>Tourves</span> <span class='ocrx_word' id='word_1_35' title='bbox 681 803 751 863; x_wconf 89' lang='lat' dir='ltr'>Anv.</span> <span class='ocrx_word' id='word_1_36' title='bbox 783 820 812 880; x_wconf 92' lang='lat' dir='ltr'>p.</span> <span class='ocrx_word' id='word_1_37' title='bbox 837 800 930 879; x_wconf 83' lang='lat'>665);</span> <span class='ocrx_word' id='word_1_38' title='bbox 961 802 1045 862; x_wconf 89' lang='lat' dir='ltr'>cuius</span> <span class='ocrx_word' id='word_1_39' title='bbox 1072 803 1206 862; x_wconf 89' lang='lat' dir='ltr'>stationis</span> <span class='ocrx_word' id='word_1_40' title='bbox 1233 801 1300 862; x_wconf 87' lang='lat' dir='ltr'>loco</span> <span class='ocrx_word' id='word_1_41' title='bbox 1326 802 1474 862; x_wconf 87' lang='lat' dir='ltr'>Ravenuas</span> <span class='ocrx_word' id='word_1_42' title='bbox 1557 843 1559 848; x_wconf 68' lang='lat'>,</span> 
     </span>
     <span class='ocr_line' id='line_1_5' title="bbox 366 901 1559 984; baseline 0.002 -16"><span class='ocrx_word' id='word_1_43' title='bbox 366 901 403 983; x_wconf 81' lang='lat' dir='ltr'>(p.</span> <span class='ocrx_word' id='word_1_44' title='bbox 429 906 500 968; x_wconf 76' lang='lat'><strong>244.</strong></span> <span class='ocrx_word' id='word_1_45' title='bbox 526 901 596 982; x_wconf 88' lang='grc'>340)</span> <span class='ocrx_word' id='word_1_46' title='bbox 620 903 710 965; x_wconf 87' lang='lat' dir='ltr'>babet</span> <span class='ocrx_word' id='word_1_47' title='bbox 737 922 846 965; x_wconf 88' lang='lat' dir='ltr'>nomen</span> <span class='ocrx_word' id='word_1_48' title='bbox 868 904 1056 972; x_wconf 84' lang='lat' dir='ltr'>Carnarium;</span> <span class='ocrx_word' id='word_1_49' title='bbox 1086 902 1228 982; x_wconf 80' lang='lat' dir='ltr'>Tegulata</span> <span class='ocrx_word' id='word_1_50' title='bbox 1257 901 1329 982; x_wconf 72' lang='lat' dir='ltr'>fitia.</span> <span class='ocrx_word' id='word_1_51' title='bbox 1353 923 1384 983; x_wconf 92' lang='lat' dir='ltr'>p.</span> <span class='ocrx_word' id='word_1_52' title='bbox 1408 903 1473 982; x_wconf 85' lang='grc'>293)</span> <span class='ocrx_word' id='word_1_53' title='bbox 1558 967 1559 984; x_wconf 17' lang='grc' dir='ltr'>ἢ</span> 
     </span>
     <span class='ocr_line' id='line_1_6' title="bbox 364 991 1559 1085; baseline -0.001 -21"><span class='ocrx_word' id='word_1_54' title='bbox 364 1005 425 1065; x_wconf 87' lang='lat' dir='ltr'>sive</span> <span class='ocrx_word' id='word_1_55' title='bbox 440 1003 587 1083; x_wconf 78' lang='lat' dir='ltr'>Tegulitia</span> <span class='ocrx_word' id='word_1_56' title='bbox 603 1002 693 1083; x_wconf 89' lang='lat' dir='ltr'>(Rav.)</span> <span class='ocrx_word' id='word_1_57' title='bbox 718 1024 755 1066; x_wconf 93' lang='lat' dir='ltr'>m.</span> <span class='ocrx_word' id='word_1_58' title='bbox 780 1024 809 1085; x_wconf 94' lang='lat' dir='ltr'>p.</span> <span class='ocrx_word' id='word_1_59' title='bbox 826 1005 890 1068; x_wconf 89' lang='lat' dir='ltr'>XVI</span> <span class='ocrx_word' id='word_1_60' title='bbox 913 1005 949 1067; x_wconf 91' lang='lat' dir='ltr'>ab</span> <span class='ocrx_word' id='word_1_61' title='bbox 964 1006 1054 1085; x_wconf 88' lang='lat' dir='ltr'>Aquis</span> <span class='ocrx_word' id='word_1_62' title='bbox 1078 1003 1119 1084; x_wconf 85' lang='lat' dir='ltr'>(la</span> <span class='ocrx_word' id='word_1_63' title='bbox 1134 1006 1255 1082; x_wconf 75' lang='lat' dir='ltr'>prande</span> <span class='ocrx_word' id='word_1_64' title='bbox 1270 1002 1389 1081; x_wconf 71' lang='lat' dir='ltr'>Papc&#39;re</span> <span class='ocrx_word' id='word_1_65' title='bbox 1408 1007 1473 1066; x_wconf 88' lang='lat' dir='ltr'>Am.</span> <span class='ocrx_word' id='word_1_66' title='bbox 1557 991 1559 1038; x_wconf 60' lang='lat'><em>³</em></span> 
     </span>
    </p>
   </div>
   <div class='ocr_carea' id='block_1_4' title="bbox 366 1102 1501 1189">
    <p class='ocr_par' dir='ltr' id='par_1_4' title="bbox 366 1102 1501 1189">
     <span class='ocr_line' id='line_1_7' title="bbox 366 1102 1501 1189; baseline -0.008 -17"><span class='ocrx_word' id='word_1_67' title='bbox 366 1110 427 1174; x_wconf 86' lang='grc'>637</span> <span class='ocrx_word' id='word_1_68' title='bbox 450 1102 516 1183; x_wconf 81' lang='lat' dir='ltr'>sq).</span> <span class='ocrx_word' id='word_1_69' title='bbox 540 1141 582 1150; x_wconf 92' lang='lat'><em>-</em></span> <span class='ocrx_word' id='word_1_70' title='bbox 604 1106 719 1178; x_wconf 87' lang='lat' dir='ltr'><strong>Quibus</strong></span> <span class='ocrx_word' id='word_1_71' title='bbox 741 1105 916 1168; x_wconf 89' lang='lat' dir='ltr'>stationibus</span> <span class='ocrx_word' id='word_1_72' title='bbox 938 1107 1116 1168; x_wconf 82' lang='lat' dir='ltr'>adnumeres</span> <span class='ocrx_word' id='word_1_73' title='bbox 1131 1109 1249 1169; x_wconf 85' lang='lat' dir='ltr'>Anteias</span> <span class='ocrx_word' id='word_1_74' title='bbox 1265 1107 1378 1189; x_wconf 87' lang='lat' dir='ltr'>(Peut.;</span> <span class='ocrx_word' id='word_1_75' title='bbox 1400 1107 1501 1168; x_wconf 77' lang='lat' dir='ltr'>Dra.</span> 
     </span>
    </p>
   </div>
   <div class='ocr_carea' id='block_1_5' title="bbox 362 1203 1476 1491">
    <p class='ocr_par' dir='ltr' id='par_1_5' title="bbox 362 1203 1476 1491">
     <span class='ocr_line' id='line_1_8' title="bbox 362 1203 1474 1288; baseline 0 -20"><span class='ocrx_word' id='word_1_76' title='bbox 362 1203 523 1283; x_wconf 62' lang='lat' dir='ltr'>quianon?</span> <span class='ocrx_word' id='word_1_77' title='bbox 544 1207 643 1269; x_wconf 88' lang='lat' dir='ltr'>Valck.</span> <span class='ocrx_word' id='word_1_78' title='bbox 670 1214 702 1278; x_wconf 92' lang='lat'>1,</span> <span class='ocrx_word' id='word_1_79' title='bbox 726 1205 813 1286; x_wconf 80' lang='lat'>256),</span> <span class='ocrx_word' id='word_1_80' title='bbox 837 1208 993 1274; x_wconf 87' lang='lat' dir='ltr'>stationem</span> <span class='ocrx_word' id='word_1_81' title='bbox 1007 1210 1085 1279; x_wconf 85' lang='lat' dir='ltr'>viae,</span> <span class='ocrx_word' id='word_1_82' title='bbox 1109 1208 1146 1271; x_wconf 89' lang='lat' dir='ltr'>de</span> <span class='ocrx_word' id='word_1_83' title='bbox 1169 1227 1227 1288; x_wconf 91' lang='lat' dir='ltr'>qua</span> <span class='ocrx_word' id='word_1_84' title='bbox 1248 1227 1318 1269; x_wconf 85' lang='lat' dir='ltr'>mox</span> <span class='ocrx_word' id='word_1_85' title='bbox 1338 1208 1474 1277; x_wconf 81' lang='lat' dir='ltr'>dIcemus</span> 
     </span>
     <span class='ocr_line' id='line_1_9' title="bbox 366 1308 1476 1390; baseline -0.002 -20"><span class='ocrx_word' id='word_1_86' title='bbox 366 1310 417 1388; x_wconf 90' lang='lat' dir='ltr'>qui</span> <span class='ocrx_word' id='word_1_87' title='bbox 446 1308 541 1379; x_wconf 92' lang='lat' dir='ltr'>locus,</span> <span class='ocrx_word' id='word_1_88' title='bbox 571 1328 638 1372; x_wconf 91' lang='lat' dir='ltr'>cum</span> <span class='ocrx_word' id='word_1_89' title='bbox 667 1330 684 1372; x_wconf 93' lang='lat' dir='ltr'>a</span> <span class='ocrx_word' id='word_1_90' title='bbox 713 1311 792 1371; x_wconf 88' lang='lat' dir='ltr'>Foro</span> <span class='ocrx_word' id='word_1_91' title='bbox 815 1311 936 1388; x_wconf 81' lang='lat' dir='ltr'>Voconii</span> <span class='ocrx_word' id='word_1_92' title='bbox 966 1310 1073 1370; x_wconf 81' lang='lat' dir='ltr'><strong>afuerit</strong></span> <span class='ocrx_word' id='word_1_93' title='bbox 1099 1329 1138 1371; x_wconf 92' lang='lat' dir='ltr'>m.</span> <span class='ocrx_word' id='word_1_94' title='bbox 1167 1329 1197 1390; x_wconf 89' lang='lat' dir='ltr'>p.</span> <span class='ocrx_word' id='word_1_95' title='bbox 1221 1309 1327 1381; x_wconf 88' lang='lat' dir='ltr'>XVIII,</span> <span class='ocrx_word' id='word_1_96' title='bbox 1358 1328 1374 1370; x_wconf 92' lang='lat' dir='ltr'>a</span> <span class='ocrx_word' id='word_1_97' title='bbox 1402 1309 1476 1370; x_wconf 86' lang='lat' dir='ltr'>Reiis</span> 
     </span>
     <span class='ocr_line' id='line_1_10' title="bbox 365 1410 1188 1491; baseline 0.001 -21"><span class='ocrx_word' id='word_1_98' title='bbox 365 1410 488 1481; x_wconf 92' lang='lat' dir='ltr'>XXXII,</span> <span class='ocrx_word' id='word_1_99' title='bbox 515 1412 616 1491; x_wconf 90' lang='lat' dir='ltr'>utique</span> <span class='ocrx_word' id='word_1_100' title='bbox 638 1410 681 1472; x_wconf 93' lang='lat' dir='ltr'>illi</span> <span class='ocrx_word' id='word_1_101' title='bbox 704 1410 812 1491; x_wconf 92' lang='lat' dir='ltr'>oppido</span> <span class='ocrx_word' id='word_1_102' title='bbox 835 1411 950 1472; x_wconf 84' lang='lat' dir='ltr'>videtur</span> <span class='ocrx_word' id='word_1_103' title='bbox 972 1411 1188 1474; x_wconf 88' lang='lat' dir='ltr'>attribuendus.</span> 
     </span>
    </p>
   </div>
   <div class='ocr_carea' id='block_1_6' title="bbox 449 1511 1559 1592">
    <p class='ocr_par' dir='ltr' id='par_1_6' title="bbox 449 1511 1559 1592">
     <span class='ocr_line' id='line_1_11' title="bbox 449 1511 1559 1592; baseline -0.002 -18"><span class='ocrx_word' id='word_1_104' title='bbox 449 1517 604 1574; x_wconf 81' lang='lat' dir='ltr'>Albioeci</span> <span class='ocrx_word' id='word_1_105' title='bbox 626 1521 660 1574; x_wconf 84' lang='lat' dir='ltr'>et</span> <span class='ocrx_word' id='word_1_106' title='bbox 675 1517 865 1575; x_wconf 75' lang='lat' dir='ltr'>AibIenses.</span> <span class='ocrx_word' id='word_1_107' title='bbox 885 1547 928 1559; x_wconf 92' lang='lat'><em>-</em></span> <span class='ocrx_word' id='word_1_108' title='bbox 950 1513 982 1573; x_wconf 87' lang='lat' dir='ltr'>In</span> <span class='ocrx_word' id='word_1_109' title='bbox 1004 1511 1104 1574; x_wconf 89' lang='lat' dir='ltr'>tabula</span> <span class='ocrx_word' id='word_1_110' title='bbox 1118 1513 1347 1592; x_wconf 82' lang='lat' dir='ltr'>Peutingeriana</span> <span class='ocrx_word' id='word_1_111' title='bbox 1368 1533 1385 1574; x_wconf 96' lang='lat' dir='ltr'>a</span> <span class='ocrx_word' id='word_1_112' title='bbox 1404 1513 1475 1574; x_wconf 82' lang='lat' dir='ltr'>Foro</span> <span class='ocrx_word' id='word_1_113' title='bbox 1557 1549 1559 1554; x_wconf 93' lang='lat'>-</span> 
     </span>
    </p>
   </div>
   <div class='ocr_carea' id='block_1_7' title="bbox 364 1611 1481 2509">
    <p class='ocr_par' dir='ltr' id='par_1_7' title="bbox 364 1611 1481 2509">
     <span class='ocr_line' id='line_1_12' title="bbox 366 1611 1476 1694; baseline -0.002 -19"><span class='ocrx_word' id='word_1_114' title='bbox 366 1615 488 1675; x_wconf 83' lang='lat' dir='ltr'>Voconii</span> <span class='ocrx_word' id='word_1_115' title='bbox 511 1614 644 1675; x_wconf 92' lang='lat' dir='ltr'>videmus</span> <span class='ocrx_word' id='word_1_116' title='bbox 667 1616 742 1675; x_wconf 89' lang='lat' dir='ltr'>viam</span> <span class='ocrx_word' id='word_1_117' title='bbox 757 1611 994 1694; x_wconf 88' lang='lat' dir='ltr'>proticiscentem</span> <span class='ocrx_word' id='word_1_118' title='bbox 1010 1613 1099 1677; x_wconf 91' lang='lat' dir='ltr'>Reios</span> <span class='ocrx_word' id='word_1_119' title='bbox 1113 1615 1298 1694; x_wconf 89' lang='lat' dir='ltr'>Apollinares</span> <span class='ocrx_word' id='word_1_120' title='bbox 1322 1614 1385 1694; x_wconf 81' lang='lat' dir='ltr'>(cfr.</span> <span class='ocrx_word' id='word_1_121' title='bbox 1404 1615 1476 1675; x_wconf 84' lang='lat' dir='ltr'>inira</span> 
     </span>
     <span class='ocr_line' id='line_1_13' title="bbox 365 1711 1476 1797; baseline 0.001 -22"><span class='ocrx_word' id='word_1_122' title='bbox 365 1733 431 1795; x_wconf 93' lang='lat' dir='ltr'>app.</span> <span class='ocrx_word' id='word_1_123' title='bbox 451 1717 544 1794; x_wconf 82' lang='lat' dir='ltr'><strong>epigr.</strong></span> <span class='ocrx_word' id='word_1_124' title='bbox 568 1734 597 1795; x_wconf 91' lang='lat' dir='ltr'>p.</span> <span class='ocrx_word' id='word_1_125' title='bbox 617 1711 703 1794; x_wconf 87' lang='grc'>137),</span> <span class='ocrx_word' id='word_1_126' title='bbox 726 1734 802 1795; x_wconf 91' lang='lat' dir='ltr'>quae</span> <span class='ocrx_word' id='word_1_127' title='bbox 825 1717 869 1777; x_wconf 92' lang='lat' dir='ltr'>via</span> <span class='ocrx_word' id='word_1_128' title='bbox 892 1734 1015 1777; x_wconf 90' lang='lat' dir='ltr'>necesse</span> <span class='ocrx_word' id='word_1_129' title='bbox 1038 1723 1095 1786; x_wconf 90' lang='lat' dir='ltr'>est,</span> <span class='ocrx_word' id='word_1_130' title='bbox 1119 1719 1292 1797; x_wconf 77' lang='lat' dir='ltr'>priusquam</span> <span class='ocrx_word' id='word_1_131' title='bbox 1307 1715 1398 1778; x_wconf 89' lang='lat' dir='ltr'>Reios</span> <span class='ocrx_word' id='word_1_132' title='bbox 1413 1734 1476 1795; x_wconf 89' lang='lat' dir='ltr'>per·</span> 
     </span>
     <span class='ocr_line' id='line_1_14' title="bbox 365 1816 1477 1898; baseline -0.001 -21"><span class='ocrx_word' id='word_1_133' title='bbox 365 1819 492 1888; x_wconf 90' lang='lat' dir='ltr'>venerit,</span> <span class='ocrx_word' id='word_1_134' title='bbox 517 1818 692 1880; x_wconf 82' lang='lat' dir='ltr'>conduxerit</span> <span class='ocrx_word' id='word_1_135' title='bbox 713 1836 768 1898; x_wconf 95' lang='lat' dir='ltr'>per</span> <span class='ocrx_word' id='word_1_136' title='bbox 790 1825 923 1879; x_wconf 91' lang='lat' dir='ltr'>montem</span> <span class='ocrx_word' id='word_1_137' title='bbox 945 1819 996 1898; x_wconf 92' lang='lat' dir='ltr'>qui</span> <span class='ocrx_word' id='word_1_138' title='bbox 1010 1816 1098 1879; x_wconf 92' lang='lat' dir='ltr'>bodie</span> <span class='ocrx_word' id='word_1_139' title='bbox 1113 1817 1221 1881; x_wconf 75' lang='lat' dir='ltr'>dibitur</span> <span class='ocrx_word' id='word_1_140' title='bbox 1237 1816 1363 1879; x_wconf 78' lang='lat' dir='ltr'>Eatdrcl.</span> <span class='ocrx_word' id='word_1_141' title='bbox 1386 1818 1477 1890; x_wconf 86' lang='lat' dir='ltr'>Quam</span> 
     </span>
     <span class='ocr_line' id='line_1_15' title="bbox 364 1917 1476 1998; baseline -0.003 -18"><span class='ocrx_word' id='word_1_142' title='bbox 364 1920 440 1980; x_wconf 88' lang='lat' dir='ltr'>viam</span> <span class='ocrx_word' id='word_1_143' title='bbox 462 1926 622 1998; x_wconf 88' lang='lat' dir='ltr'>sequentes</span> <span class='ocrx_word' id='word_1_144' title='bbox 644 1921 687 1980; x_wconf 91' lang='lat' dir='ltr'>cis</span> <span class='ocrx_word' id='word_1_145' title='bbox 708 1919 832 1981; x_wconf 84' lang='lat' dir='ltr'>fluvium</span> <span class='ocrx_word' id='word_1_146' title='bbox 860 1920 978 1981; x_wconf 83' lang='lat' dir='ltr'>Verdon</span> <span class='ocrx_word' id='word_1_147' title='bbox 999 1921 1030 1980; x_wconf 91' lang='lat' dir='ltr'>in</span> <span class='ocrx_word' id='word_1_148' title='bbox 1052 1938 1168 1981; x_wconf 91' lang='lat' dir='ltr'>summo</span> <span class='ocrx_word' id='word_1_149' title='bbox 1190 1927 1292 1980; x_wconf 89' lang='lat' dir='ltr'>monte</span> <span class='ocrx_word' id='word_1_150' title='bbox 1315 1917 1476 1981; x_wconf 84' lang='lat' dir='ltr'>transvehi·</span> 
     </span>
     <span class='ocr_line' id='line_1_16' title="bbox 364 2018 1477 2102; baseline -0.002 -20"><span class='ocrx_word' id='word_1_151' title='bbox 364 2040 432 2084; x_wconf 89' lang='lat' dir='ltr'>mur</span> <span class='ocrx_word' id='word_1_152' title='bbox 458 2040 554 2102; x_wconf 90' lang='lat' dir='ltr'>prope</span> <span class='ocrx_word' id='word_1_153' title='bbox 580 2021 680 2083; x_wconf 91' lang='lat' dir='ltr'>locum</span> <span class='ocrx_word' id='word_1_154' title='bbox 702 2022 799 2098; x_wconf 74' lang='lat' dir='ltr'>Adpo,</span> <span class='ocrx_word' id='word_1_155' title='bbox 824 2020 879 2082; x_wconf 92' lang='lat' dir='ltr'>sub</span> <span class='ocrx_word' id='word_1_156' title='bbox 903 2040 962 2101; x_wconf 91' lang='lat' dir='ltr'>quo</span> <span class='ocrx_word' id='word_1_157' title='bbox 984 2023 1105 2082; x_wconf 88' lang='lat' dir='ltr'>nomine</span> <span class='ocrx_word' id='word_1_158' title='bbox 1127 2018 1204 2083; x_wconf 92' lang='lat' dir='ltr'>baud</span> <span class='ocrx_word' id='word_1_159' title='bbox 1227 2021 1316 2082; x_wconf 91' lang='lat' dir='ltr'>dubie</span> <span class='ocrx_word' id='word_1_160' title='bbox 1338 2019 1413 2083; x_wconf 91' lang='lat' dir='ltr'>latet</span> <span class='ocrx_word' id='word_1_161' title='bbox 1433 2039 1477 2080; x_wconf 91' lang='lat' dir='ltr'>ve·</span> 
     </span>
     <span class='ocr_line' id='line_1_17' title="bbox 364 2121 1477 2204; baseline -0.002 -21"><span class='ocrx_word' id='word_1_162' title='bbox 364 2130 412 2186; x_wconf 90' lang='lat' dir='ltr'>tus</span> <span class='ocrx_word' id='word_1_163' title='bbox 434 2122 508 2186; x_wconf 95' lang='lat' dir='ltr'>Alba</span> <span class='ocrx_word' id='word_1_164' title='bbox 529 2125 673 2202; x_wconf 73' lang='lat' dir='ltr'>Augusta,</span> <span class='ocrx_word' id='word_1_165' title='bbox 698 2123 855 2203; x_wconf 92' lang='lat' dir='ltr'>oppidum,</span> <span class='ocrx_word' id='word_1_166' title='bbox 880 2124 904 2183; x_wconf 93' lang='lat' dir='ltr'>si</span> <span class='ocrx_word' id='word_1_167' title='bbox 926 2121 1128 2184; x_wconf 91' lang='lat' dir='ltr'>Ptolemaeum</span> <span class='ocrx_word' id='word_1_168' title='bbox 1150 2122 1249 2192; x_wconf 88' lang='lat' dir='ltr'>audis,</span> <span class='ocrx_word' id='word_1_169' title='bbox 1272 2122 1477 2204; x_wconf 79' lang='lat' dir='ltr'>Elpeoeorum,</span> 
     </span>
     <span class='ocr_line' id='line_1_18' title="bbox 364 2219 1477 2305; baseline 0.003 -20"><span class='ocrx_word' id='word_1_170' title='bbox 364 2244 452 2305; x_wconf 91' lang='lat' dir='ltr'>quam</span> <span class='ocrx_word' id='word_1_171' title='bbox 467 2232 586 2304; x_wconf 81' lang='lat' dir='ltr'>gentem</span> <span class='ocrx_word' id='word_1_172' title='bbox 600 2244 656 2305; x_wconf 91' lang='lat' dir='ltr'>pro</span> <span class='ocrx_word' id='word_1_173' title='bbox 671 2233 755 2304; x_wconf 91' lang='lat' dir='ltr'>parte</span> <span class='ocrx_word' id='word_1_174' title='bbox 766 2224 975 2286; x_wconf 91' lang='lat' dir='ltr'>Albioecorum</span> <span class='ocrx_word' id='word_1_175' title='bbox 991 2223 1157 2286; x_wconf 90' lang='lat' dir='ltr'>habendam</span> <span class='ocrx_word' id='word_1_176' title='bbox 1174 2242 1239 2285; x_wconf 91' lang='lat' dir='ltr'>esse</span> <span class='ocrx_word' id='word_1_177' title='bbox 1254 2242 1345 2304; x_wconf 91' lang='lat' dir='ltr'>supra</span> <span class='ocrx_word' id='word_1_178' title='bbox 1357 2223 1398 2305; x_wconf 83' lang='lat' dir='ltr'>(p.</span> <span class='ocrx_word' id='word_1_179' title='bbox 1411 2219 1477 2299; x_wconf 82' lang='grc'>134)</span> 
     </span>
     <span class='ocr_line' id='line_1_19' title="bbox 364 2323 1477 2407; baseline -0.004 -19"><span class='ocrx_word' id='word_1_180' title='bbox 364 2325 501 2388; x_wconf 79' lang='lat' dir='ltr'>diximus.</span> <span class='ocrx_word' id='word_1_181' title='bbox 545 2326 632 2407; x_wconf 85' lang='lat' dir='ltr'>Apud</span> <span class='ocrx_word' id='word_1_182' title='bbox 655 2326 832 2388; x_wconf 81' lang='lat' dir='ltr'>Strabonem</span> <span class='ocrx_word' id='word_1_183' title='bbox 850 2327 971 2407; x_wconf 86' lang='lat' dir='ltr'>quidem</span> <span class='ocrx_word' id='word_1_184' title='bbox 993 2325 1041 2387; x_wconf 86' lang='lat' dir='ltr'>hie</span> <span class='ocrx_word' id='word_1_185' title='bbox 1063 2325 1147 2387; x_wconf 92' lang='lat' dir='ltr'>locus</span> <span class='ocrx_word' id='word_1_186' title='bbox 1170 2326 1267 2395; x_wconf 91' lang='lat' dir='ltr'>deest;</span> <span class='ocrx_word' id='word_1_187' title='bbox 1292 2332 1323 2386; x_wconf 93' lang='lat' dir='ltr'>at</span> <span class='ocrx_word' id='word_1_188' title='bbox 1345 2343 1416 2386; x_wconf 89' lang='lat' dir='ltr'>cum</span> <span class='ocrx_word' id='word_1_189' title='bbox 1437 2323 1477 2384; x_wconf 90' lang='lat' dir='ltr'>di·</span> 
     </span>
     <span class='ocr_line' id='line_1_20' title="bbox 365 2419 1481 2509; baseline -0.002 -21"><span class='ocrx_word' id='word_1_190' title='bbox 365 2433 412 2488; x_wconf 87' lang='lat' dir='ltr'>cat</span> <span class='ocrx_word' id='word_1_191' title='bbox 437 2426 487 2489; x_wconf 89' lang='lat' dir='ltr'>hic</span> <span class='ocrx_word' id='word_1_192' title='bbox 508 2429 636 2508; x_wconf 83' lang='lat' dir='ltr'>scriptor</span> <span class='ocrx_word' id='word_1_193' title='bbox 660 2428 723 2509; x_wconf 89' lang='lat' dir='ltr'>(IV.</span> <span class='ocrx_word' id='word_1_194' title='bbox 747 2446 776 2507; x_wconf 89' lang='lat' dir='ltr'>p.</span> <span class='ocrx_word' id='word_1_195' title='bbox 801 2425 892 2506; x_wconf 81' lang='grc'>203),</span> <span class='ocrx_word' id='word_1_196' title='bbox 916 2427 1070 2490; x_wconf 89' lang='lat' dir='ltr'>Albienses</span> <span class='ocrx_word' id='word_1_197' title='bbox 1098 2434 1128 2489; x_wconf 87' lang='lat' dir='ltr'>et</span> <span class='ocrx_word' id='word_1_198' title='bbox 1149 2427 1305 2490; x_wconf 90' lang='lat' dir='ltr'>Albioecos</span> <span class='ocrx_word' id='word_1_199' title='bbox 1330 2419 1481 2507; x_wconf 77' lang='grc' dir='ltr'>(Ἀλβιεῑς</span> 
     </span>
    </p>
   </div>
   <div class='ocr_carea' id='block_1_8' title="bbox 270 2507 1559 2810">
    <p class='ocr_par' dir='ltr' id='par_1_8' title="bbox 270 2507 1559 2810">
     <span class='ocr_line' id='line_1_21' title="bbox 270 2507 1559 2618; baseline 0 -30"><span class='ocrx_word' id='word_1_200' title='bbox 270 2613 273 2618; x_wconf 27' lang='grc' dir='ltr'>Ι</span> <span class='ocrx_word' id='word_1_201' title='bbox 307 2561 309 2564; x_wconf 94' lang='grc'>-</span> <span class='ocrx_word' id='word_1_202' title='bbox 364 2521 421 2588; x_wconf 80' lang='grc' dir='ltr'>καὶ</span> <span class='ocrx_word' id='word_1_203' title='bbox 439 2521 642 2610; x_wconf 63' lang='lat' dir='ltr'>mdiorum),</span> <span class='ocrx_word' id='word_1_204' title='bbox 666 2531 718 2610; x_wconf 87' lang='lat' dir='ltr'>qui</span> <span class='ocrx_word' id='word_1_205' title='bbox 738 2548 817 2610; x_wconf 90' lang='lat' dir='ltr'>pone</span> <span class='ocrx_word' id='word_1_206' title='bbox 832 2528 978 2591; x_wconf 85' lang='lat' dir='ltr'>Salluvios</span> <span class='ocrx_word' id='word_1_207' title='bbox 1000 2529 1146 2600; x_wconf 89' lang='lat' dir='ltr'>colerent,</span> <span class='ocrx_word' id='word_1_208' title='bbox 1170 2528 1304 2591; x_wconf 90' lang='lat' dir='ltr'>habitare</span> <span class='ocrx_word' id='word_1_209' title='bbox 1326 2524 1370 2588; x_wconf 80' lang='lat' dir='ltr'>col</span> <span class='ocrx_word' id='word_1_210' title='bbox 1384 2545 1479 2610; x_wconf 81' lang='grc' dir='ltr'><em>προς·</em></span> <span class='ocrx_word' id='word_1_211' title='bbox 1557 2507 1559 2552; x_wconf 67' lang='lat'>³</span> 
     </span>
     <span class='ocr_line' id='line_1_22' title="bbox 364 2623 1559 2714; baseline 0.002 -24"><span class='ocrx_word' id='word_1_212' title='bbox 364 2623 484 2708; x_wconf 76' lang='lat' dir='ltr'>clearco</span> <span class='ocrx_word' id='word_1_213' title='bbox 504 2626 589 2714; x_wconf 80' lang='grc' dir='ltr'><em>μέρη</em></span> <span class='ocrx_word' id='word_1_214' title='bbox 611 2629 680 2691; x_wconf 77' lang='lat' dir='ltr'>coir</span> <span class='ocrx_word' id='word_1_215' title='bbox 702 2623 802 2713; x_wconf 77' lang='grc' dir='ltr'><em>ὀρῶν,</em></span> <span class='ocrx_word' id='word_1_216' title='bbox 826 2628 1067 2710; x_wconf 83' lang='lat' dir='ltr'>septentrionalia</span> <span class='ocrx_word' id='word_1_217' title='bbox 1089 2632 1198 2692; x_wconf 89' lang='lat' dir='ltr'>montis</span> <span class='ocrx_word' id='word_1_218' title='bbox 1218 2628 1335 2693; x_wconf 87' lang='lat' dir='ltr'>Este&#39;rel</span> <span class='ocrx_word' id='word_1_219' title='bbox 1359 2629 1482 2692; x_wconf 78' lang='lat' dir='ltr'>declivIa</span> <span class='ocrx_word' id='word_1_220' title='bbox 1557 2627 1559 2692; x_wconf 69' lang='grc' dir='ltr'>ἓ</span> 
     </span>
     <span class='ocr_line' id='line_1_23' title="bbox 363 2731 1559 2810; baseline 0 -20"><span class='ocrx_word' id='word_1_221' title='bbox 363 2731 479 2794; x_wconf 88' lang='lat' dir='ltr'>videtur</span> <span class='ocrx_word' id='word_1_222' title='bbox 501 2735 537 2794; x_wconf 92' lang='lat' dir='ltr'>iis</span> <span class='ocrx_word' id='word_1_223' title='bbox 559 2731 736 2803; x_wconf 90' lang='lat' dir='ltr'>attribuere,</span> <span class='ocrx_word' id='word_1_224' title='bbox 759 2733 901 2810; x_wconf 84' lang='lat' dir='ltr'>ideoque,</span> <span class='ocrx_word' id='word_1_225' title='bbox 931 2751 999 2793; x_wconf 88' lang='lat' dir='ltr'>oum</span> <span class='ocrx_word' id='word_1_226' title='bbox 1021 2731 1093 2794; x_wconf 93' lang='lat' dir='ltr'>Alba</span> <span class='ocrx_word' id='word_1_227' title='bbox 1116 2731 1270 2794; x_wconf 81' lang='lat' dir='ltr'>Strabonis</span> <span class='ocrx_word' id='word_1_228' title='bbox 1297 2738 1397 2793; x_wconf 89' lang='lat' dir='ltr'>aetate</span> <span class='ocrx_word' id='word_1_229' title='bbox 1426 2733 1481 2792; x_wconf 92' lang='lat' dir='ltr'>iam</span> <span class='ocrx_word' id='word_1_230' title='bbox 1557 2767 1559 2774; x_wconf 92' lang='lat'>·</span> 
     </span>
    </p>
   </div>
   <div class='ocr_carea' id='block_1_9' title="bbox 363 2832 1481 2914">
    <p class='ocr_par' dir='ltr' id='par_1_9' title="bbox 363 2832 1481 2914">
     <span class='ocr_line' id='line_1_24' title="bbox 363 2832 1481 2914; baseline -0.001 -21"><span class='ocrx_word' id='word_1_231' title='bbox 363 2834 487 2898; x_wconf 89' lang='lat' dir='ltr'>deberet</span> <span class='ocrx_word' id='word_1_232' title='bbox 509 2841 624 2906; x_wconf 84' lang='lat' dir='ltr'>extare,</span> <span class='ocrx_word' id='word_1_233' title='bbox 648 2835 713 2895; x_wconf 86' lang='lat' dir='ltr'>fieri</span> <span class='ocrx_word' id='word_1_234' title='bbox 734 2840 848 2914; x_wconf 90' lang='lat' dir='ltr'>potest,</span> <span class='ocrx_word' id='word_1_235' title='bbox 872 2841 905 2894; x_wconf 90' lang='lat' dir='ltr'>ut</span> <span class='ocrx_word' id='word_1_236' title='bbox 920 2833 1075 2895; x_wconf 89' lang='lat' dir='ltr'>Strabonis</span> <span class='ocrx_word' id='word_1_237' title='bbox 1089 2833 1245 2895; x_wconf 91' lang='lat' dir='ltr'>Albienses</span> <span class='ocrx_word' id='word_1_238' title='bbox 1259 2832 1379 2894; x_wconf 90' lang='lat' dir='ltr'>incolae</span> <span class='ocrx_word' id='word_1_239' title='bbox 1394 2833 1481 2894; x_wconf 90' lang='lat' dir='ltr'>buius</span> 
     </span>
    </p>
   </div>
   <div class='ocr_carea' id='block_1_10' title="bbox 357 2931 1559 3016">
    <p class='ocr_par' dir='ltr' id='par_1_10' title="bbox 357 2931 1559 3016">
     <span class='ocr_line' id='line_1_25' title="bbox 357 2931 1559 3016; baseline -0.001 -20"><span class='ocrx_word' id='word_1_240' title='bbox 357 2935 420 2997; x_wconf 90' lang='lat' dir='ltr'>loci</span> <span class='ocrx_word' id='word_1_241' title='bbox 442 2937 567 3008; x_wconf 89' lang='lat' dir='ltr'>luerint,</span> <span class='ocrx_word' id='word_1_242' title='bbox 589 2936 722 3000; x_wconf 88' lang='lat' dir='ltr'>Albioeci</span> <span class='ocrx_word' id='word_1_243' title='bbox 743 2934 858 2997; x_wconf 89' lang='lat' dir='ltr'>incolae</span> <span class='ocrx_word' id='word_1_244' title='bbox 880 2935 981 3016; x_wconf 89' lang='lat' dir='ltr'>oppidi</span> <span class='ocrx_word' id='word_1_245' title='bbox 1001 2935 1142 3006; x_wconf 89' lang='lat' dir='ltr'>Alebece,</span> <span class='ocrx_word' id='word_1_246' title='bbox 1167 2941 1292 3015; x_wconf 88' lang='lat' dir='ltr'>utraque</span> <span class='ocrx_word' id='word_1_247' title='bbox 1314 2943 1421 2996; x_wconf 86' lang='lat' dir='ltr'>autem</span> <span class='ocrx_word' id='word_1_248' title='bbox 1443 2935 1480 2995; x_wconf 93' lang='lat' dir='ltr'>ci·</span> <span class='ocrx_word' id='word_1_249' title='bbox 1558 2931 1559 2986; x_wconf 75' lang='lat' dir='ltr'>l</span> 
     </span>
    </p>
   </div>
   <div class='ocr_carea' id='block_1_11' title="bbox 362 3035 1481 3119">
    <p class='ocr_par' dir='ltr' id='par_1_11' title="bbox 362 3035 1481 3119">
     <span class='ocr_line' id='line_1_26' title="bbox 362 3035 1481 3119; baseline -0.002 -21"><span class='ocrx_word' id='word_1_250' title='bbox 362 3039 436 3100; x_wconf 87' lang='lat' dir='ltr'>vitas</span> <span class='ocrx_word' id='word_1_251' title='bbox 462 3057 532 3119; x_wconf 92' lang='lat' dir='ltr'>pars</span> <span class='ocrx_word' id='word_1_252' title='bbox 559 3041 651 3100; x_wconf 91' lang='lat' dir='ltr'>luerit</span> <span class='ocrx_word' id='word_1_253' title='bbox 677 3038 774 3117; x_wconf 79' lang='lat' dir='ltr'>gentis</span> <span class='ocrx_word' id='word_1_254' title='bbox 800 3035 878 3098; x_wconf 90' lang='lat' dir='ltr'>iliius</span> <span class='ocrx_word' id='word_1_255' title='bbox 904 3035 1075 3098; x_wconf 85' lang='lat' dir='ltr'>Albicorum</span> <span class='ocrx_word' id='word_1_256' title='bbox 1105 3055 1120 3098; x_wconf 93' lang='lat' dir='ltr'>a</span> <span class='ocrx_word' id='word_1_257' title='bbox 1144 3038 1269 3099; x_wconf 87' lang='lat' dir='ltr'>Caesare</span> <span class='ocrx_word' id='word_1_258' title='bbox 1297 3056 1481 3100; x_wconf 88' lang='lat' dir='ltr'>commemo·</span> 
     </span>
    </p>
   </div>
   <div class='ocr_carea' id='block_1_12' title="bbox 362 3135 1559 3220">
    <p class='ocr_par' dir='ltr' id='par_1_12' title="bbox 362 3135 1559 3220">
     <span class='ocr_line' id='line_1_27' title="bbox 362 3135 1559 3220; baseline -0.004 -18"><span class='ocrx_word' id='word_1_259' title='bbox 362 3146 459 3206; x_wconf 90' lang='lat' dir='ltr'>ratae,</span> <span class='ocrx_word' id='word_1_260' title='bbox 482 3158 558 3220; x_wconf 92' lang='lat' dir='ltr'>quae</span> <span class='ocrx_word' id='word_1_261' title='bbox 580 3143 611 3200; x_wconf 89' lang='lat' dir='ltr'>in</span> <span class='ocrx_word' id='word_1_262' title='bbox 633 3141 707 3202; x_wconf 92' lang='lat' dir='ltr'>duas</span> <span class='ocrx_word' id='word_1_263' title='bbox 728 3145 830 3219; x_wconf 90' lang='lat' dir='ltr'>partes</span> <span class='ocrx_word' id='word_1_264' title='bbox 852 3138 943 3200; x_wconf 87' lang='lat' dir='ltr'>divisa</span> <span class='ocrx_word' id='word_1_265' title='bbox 966 3149 1030 3200; x_wconf 89' lang='lat' dir='ltr'>erat</span> <span class='ocrx_word' id='word_1_266' title='bbox 1051 3139 1139 3200; x_wconf 89' lang='lat' dir='ltr'>iluvio</span> <span class='ocrx_word' id='word_1_267' title='bbox 1162 3139 1290 3199; x_wconf 87' lang='lat' dir='ltr'>Verdon.</span> <span class='ocrx_word' id='word_1_268' title='bbox 1333 3135 1483 3220; x_wconf 85' lang='lat' dir='ltr'>Quidquid</span> <span class='ocrx_word' id='word_1_269' title='bbox 1558 3155 1559 3162; x_wconf 51' lang='lat'>¹</span> 
     </span>
    </p>
   </div>
   <div class='ocr_carea' id='block_1_13' title="bbox 362 3240 1484 3422">
    <p class='ocr_par' dir='ltr' id='par_1_13' title="bbox 362 3240 1484 3422">
     <span class='ocr_line' id='line_1_28' title="bbox 362 3240 1484 3320; baseline -0.001 -20"><span class='ocrx_word' id='word_1_270' title='bbox 362 3240 391 3300; x_wconf 93' lang='lat' dir='ltr'>id</span> <span class='ocrx_word' id='word_1_271' title='bbox 415 3248 476 3310; x_wconf 91' lang='lat' dir='ltr'>est,</span> <span class='ocrx_word' id='word_1_272' title='bbox 500 3259 568 3302; x_wconf 93' lang='lat' dir='ltr'>cum</span> <span class='ocrx_word' id='word_1_273' title='bbox 589 3241 662 3303; x_wconf 89' lang='lat' dir='ltr'>Alba</span> <span class='ocrx_word' id='word_1_274' title='bbox 686 3257 783 3318; x_wconf 92' lang='lat' dir='ltr'>neque</span> <span class='ocrx_word' id='word_1_275' title='bbox 806 3246 999 3302; x_wconf 87' lang='lat' dir='ltr'>recenseatur</span> <span class='ocrx_word' id='word_1_276' title='bbox 1026 3242 1106 3302; x_wconf 87' lang='lat' dir='ltr'>inter</span> <span class='ocrx_word' id='word_1_277' title='bbox 1128 3240 1216 3302; x_wconf 86' lang='lat' dir='ltr'>Plinii</span> <span class='ocrx_word' id='word_1_278' title='bbox 1245 3241 1356 3320; x_wconf 88' lang='lat' dir='ltr'>oppida</span> <span class='ocrx_word' id='word_1_279' title='bbox 1381 3241 1484 3302; x_wconf 88' lang='lat' dir='ltr'>Latina</span> 
     </span>
     <span class='ocr_line' id='line_1_29' title="bbox 362 3342 1484 3422; baseline -0.003 -18"><span class='ocrx_word' id='word_1_280' title='bbox 362 3360 460 3421; x_wconf 86' lang='lat' dir='ltr'>neque</span> <span class='ocrx_word' id='word_1_281' title='bbox 482 3343 648 3406; x_wconf 90' lang='lat' dir='ltr'>inveniatur</span> <span class='ocrx_word' id='word_1_282' title='bbox 669 3345 700 3404; x_wconf 92' lang='lat' dir='ltr'>in</span> <span class='ocrx_word' id='word_1_283' title='bbox 715 3343 818 3404; x_wconf 89' lang='lat' dir='ltr'>notitia</span> <span class='ocrx_word' id='word_1_284' title='bbox 839 3342 1071 3421; x_wconf 79' lang='lat' dir='ltr'>produciarum,</span> <span class='ocrx_word' id='word_1_285' title='bbox 1096 3360 1248 3422; x_wconf 91' lang='lat' dir='ltr'>nunquam</span> <span class='ocrx_word' id='word_1_286' title='bbox 1269 3344 1338 3403; x_wconf 87' lang='lat' dir='ltr'>iure</span> <span class='ocrx_word' id='word_1_287' title='bbox 1354 3343 1484 3404; x_wconf 79' lang='lat' dir='ltr'>civitatis</span> 
     </span>
    </p>
   </div>
   <div class='ocr_carea' id='block_1_14' title="bbox 361 3441 1559 3830">
    <p class='ocr_par' dir='ltr' id='par_1_14' title="bbox 361 3441 1559 3830">
     <span class='ocr_line' id='line_1_30' title="bbox 362 3441 1558 3525; baseline 0.001 -23"><span class='ocrx_word' id='word_1_288' title='bbox 362 3441 412 3504; x_wconf 90' lang='lat' dir='ltr'>bic</span> <span class='ocrx_word' id='word_1_289' title='bbox 433 3443 516 3505; x_wconf 91' lang='lat' dir='ltr'>locus</span> <span class='ocrx_word' id='word_1_290' title='bbox 538 3463 612 3505; x_wconf 90' lang='lat' dir='ltr'>usus</span> <span class='ocrx_word' id='word_1_291' title='bbox 634 3443 769 3525; x_wconf 69' lang='lat' dir='ltr'>estsed</span> <span class='ocrx_word' id='word_1_292' title='bbox 793 3441 979 3505; x_wconf 90' lang='lat' dir='ltr'>contributus</span> <span class='ocrx_word' id='word_1_293' title='bbox 1003 3448 1067 3504; x_wconf 84' lang='lat' dir='ltr'>erat</span> <span class='ocrx_word' id='word_1_294' title='bbox 1089 3443 1170 3505; x_wconf 91' lang='lat' dir='ltr'>Reiis</span> <span class='ocrx_word' id='word_1_295' title='bbox 1185 3442 1423 3522; x_wconf 87' lang='lat' dir='ltr'>Apollinaribus,</span> <span class='ocrx_word' id='word_1_296' title='bbox 1446 3446 1485 3504; x_wconf 92' lang='lat' dir='ltr'>ita</span> <span class='ocrx_word' id='word_1_297' title='bbox 1557 3511 1558 3514; x_wconf 8' lang='grc' dir='ltr'><strong>Ἴ</strong></span> 
     </span>
     <span class='ocr_line' id='line_1_31' title="bbox 363 3531 1559 3626; baseline 0.001 -22"><span class='ocrx_word' id='word_1_298' title='bbox 363 3550 396 3605; x_wconf 87' lang='lat' dir='ltr'>ut</span> <span class='ocrx_word' id='word_1_299' title='bbox 417 3544 525 3606; x_wconf 93' lang='lat' dir='ltr'>horum</span> <span class='ocrx_word' id='word_1_300' title='bbox 547 3563 618 3624; x_wconf 83' lang='lat' dir='ltr'>ager</span> <span class='ocrx_word' id='word_1_301' title='bbox 640 3545 923 3626; x_wconf 86' lang='lat' dir='ltr'>comprehenderet,</span> <span class='ocrx_word' id='word_1_302' title='bbox 948 3545 1092 3626; x_wconf 91' lang='lat' dir='ltr'>quidquid</span> <span class='ocrx_word' id='word_1_303' title='bbox 1115 3549 1179 3624; x_wconf 83' lang='lat' dir='ltr'>agri</span> <span class='ocrx_word' id='word_1_304' title='bbox 1195 3545 1393 3625; x_wconf 90' lang='lat' dir='ltr'>provincialis</span> <span class='ocrx_word' id='word_1_305' title='bbox 1408 3548 1484 3608; x_wconf 90' lang='lat' dir='ltr'>inter</span> <span class='ocrx_word' id='word_1_306' title='bbox 1557 3531 1559 3562; x_wconf 55' lang='lat'><strong>³</strong></span> 
     </span>
     <span class='ocr_line' id='line_1_32' title="bbox 362 3645 1485 3719; baseline -0.003 -12"><span class='ocrx_word' id='word_1_307' title='bbox 362 3646 480 3709; x_wconf 82' lang='lat' dir='ltr'>verdon</span> <span class='ocrx_word' id='word_1_308' title='bbox 503 3654 531 3708; x_wconf 88' lang='lat' dir='ltr'>et</span> <span class='ocrx_word' id='word_1_309' title='bbox 554 3649 726 3710; x_wconf 86' lang='lat' dir='ltr'>Druentiam</span> <span class='ocrx_word' id='word_1_310' title='bbox 748 3647 854 3708; x_wconf 76' lang='lat' dir='ltr'>iludos</span> <span class='ocrx_word' id='word_1_311' title='bbox 875 3647 1028 3709; x_wconf 84' lang='lat' dir='ltr'>intererat.</span> <span class='ocrx_word' id='word_1_312' title='bbox 1068 3647 1161 3719; x_wconf 83' lang='lat' dir='ltr'>Quam</span> <span class='ocrx_word' id='word_1_313' title='bbox 1184 3646 1302 3708; x_wconf 88' lang='lat' dir='ltr'>obrem</span> <span class='ocrx_word' id='word_1_314' title='bbox 1318 3645 1485 3708; x_wconf 90' lang='lat' dir='ltr'>Alebece</span> 
     </span>
     <span class='ocr_line' id='line_1_33' title="bbox 361 3743 1559 3830; baseline -0.001 -20"><span class='ocrx_word' id='word_1_315' title='bbox 361 3747 537 3810; x_wconf 90' lang='lat' dir='ltr'>Reiorum</span> <span class='ocrx_word' id='word_1_316' title='bbox 559 3749 846 3830; x_wconf 80' lang='lat' dir='ltr'>Apollinarium,</span> <span class='ocrx_word' id='word_1_317' title='bbox 876 3747 969 3824; x_wconf 69' lang='lat' dir='ltr'>Rrec,</span> <span class='ocrx_word' id='word_1_318' title='bbox 999 3748 1113 3809; x_wconf 89' lang='lat' dir='ltr'>colonia</span> <span class='ocrx_word' id='word_1_319' title='bbox 1134 3748 1314 3829; x_wconf 87' lang='lat' dir='ltr'>Apollinaris</span> <span class='ocrx_word' id='word_1_320' title='bbox 1337 3748 1485 3811; x_wconf 88' lang='lat' dir='ltr'>Reiorum</span> <span class='ocrx_word' id='word_1_321' title='bbox 1557 3743 1559 3816; x_wconf 68' lang='lat' dir='ltr'>l</span> 
     </span>
    </p>
   </div>
   <div class='ocr_carea' id='block_1_15' title="bbox 360 3847 1487 4440">
    <p class='ocr_par' dir='ltr' id='par_1_15' title="bbox 360 3847 1487 4440">
     <span class='ocr_line' id='line_1_34' title="bbox 362 3847 1484 3933; baseline -0.002 -21"><span class='ocrx_word' id='word_1_322' title='bbox 362 3851 445 3933; x_wconf 76' lang='lat' dir='ltr'>(app.</span> <span class='ocrx_word' id='word_1_323' title='bbox 470 3870 499 3912; x_wconf 89' lang='lat' dir='ltr'>n.</span> <span class='ocrx_word' id='word_1_324' title='bbox 525 3849 616 3932; x_wconf 83' lang='lat'>112),</span> <span class='ocrx_word' id='word_1_325' title='bbox 641 3851 756 3913; x_wconf 90' lang='lat' dir='ltr'>colonia</span> <span class='ocrx_word' id='word_1_326' title='bbox 778 3849 921 3911; x_wconf 88' lang='lat' dir='ltr'>Reiorum</span> <span class='ocrx_word' id='word_1_327' title='bbox 943 3849 1155 3930; x_wconf 79' lang='lat' dir='ltr'>ApollinarIum</span> <span class='ocrx_word' id='word_1_328' title='bbox 1181 3851 1227 3930; x_wconf 87' lang='lat' dir='ltr'>(n.</span> <span class='ocrx_word' id='word_1_329' title='bbox 1245 3847 1340 3929; x_wconf 84' lang='lat'>357),</span> <span class='ocrx_word' id='word_1_330' title='bbox 1367 3851 1484 3913; x_wconf 87' lang='lat' dir='ltr'>colonia</span> 
     </span>
     <span class='ocr_line' id='line_1_35' title="bbox 360 3949 1487 4032; baseline 0 -20"><span class='ocrx_word' id='word_1_331' title='bbox 360 3951 432 4013; x_wconf 91' lang='lat' dir='ltr'>Iulia</span> <span class='ocrx_word' id='word_1_332' title='bbox 454 3955 585 4032; x_wconf 82' lang='lat' dir='ltr'>Augusta</span> <span class='ocrx_word' id='word_1_333' title='bbox 606 3951 784 4032; x_wconf 91' lang='lat' dir='ltr'>Apollinaris</span> <span class='ocrx_word' id='word_1_334' title='bbox 805 3949 946 4013; x_wconf 88' lang='lat' dir='ltr'>Reiorum</span> <span class='ocrx_word' id='word_1_335' title='bbox 971 3952 1010 4032; x_wconf 89' lang='lat' dir='ltr'>(n.</span> <span class='ocrx_word' id='word_1_336' title='bbox 1031 3949 1116 4030; x_wconf 86' lang='grc'>113),</span> <span class='ocrx_word' id='word_1_337' title='bbox 1140 3969 1196 4030; x_wconf 94' lang='lat' dir='ltr'>pro</span> <span class='ocrx_word' id='word_1_338' title='bbox 1217 3949 1283 4012; x_wconf 91' lang='lat' dir='ltr'>loco</span> <span class='ocrx_word' id='word_1_339' title='bbox 1307 3953 1487 4015; x_wconf 90' lang='lat' dir='ltr'>contributo</span> 
     </span>
     <span class='ocr_line' id='line_1_36' title="bbox 360 4052 1486 4135; baseline -0.001 -22"><span class='ocrx_word' id='word_1_340' title='bbox 360 4052 489 4115; x_wconf 88' lang='lat' dir='ltr'>babebat</span> <span class='ocrx_word' id='word_1_341' title='bbox 515 4057 613 4132; x_wconf 88' lang='lat' dir='ltr'>Aquas</span> <span class='ocrx_word' id='word_1_342' title='bbox 641 4052 798 4114; x_wconf 88' lang='lat' dir='ltr'>Griselicas</span> <span class='ocrx_word' id='word_1_343' title='bbox 827 4052 909 4134; x_wconf 90' lang='lat' dir='ltr'>(app.</span> <span class='ocrx_word' id='word_1_344' title='bbox 940 4073 968 4114; x_wconf 88' lang='lat' dir='ltr'>n.</span> <span class='ocrx_word' id='word_1_345' title='bbox 994 4059 1064 4120; x_wconf 81' lang='lat'><strong>495.</strong></span> <span class='ocrx_word' id='word_1_346' title='bbox 1091 4052 1253 4132; x_wconf 75' lang='lat' dir='ltr'>Grcbulcc),</span> <span class='ocrx_word' id='word_1_347' title='bbox 1283 4053 1361 4116; x_wconf 90' lang='lat' dir='ltr'>sitas</span> <span class='ocrx_word' id='word_1_348' title='bbox 1391 4071 1486 4135; x_wconf 89' lang='lat' dir='ltr'>prope</span> 
     </span>
     <span class='ocr_line' id='line_1_37' title="bbox 361 4153 1487 4232; baseline 0.002 -15"><span class='ocrx_word' id='word_1_349' title='bbox 361 4155 562 4217; x_wconf 89' lang='lat' dir='ltr'>conlluentem</span> <span class='ocrx_word' id='word_1_350' title='bbox 583 4156 664 4216; x_wconf 89' lang='lat' dir='ltr'>liuvii</span> <span class='ocrx_word' id='word_1_351' title='bbox 686 4153 813 4215; x_wconf 84' lang='lat' dir='ltr'>verdon.</span> <span class='ocrx_word' id='word_1_352' title='bbox 860 4153 1112 4232; x_wconf 82' lang='lat' dir='ltr'>Septentriouales</span> <span class='ocrx_word' id='word_1_353' title='bbox 1134 4161 1234 4216; x_wconf 90' lang='lat' dir='ltr'>autem</span> <span class='ocrx_word' id='word_1_354' title='bbox 1257 4156 1322 4232; x_wconf 83' lang='lat' dir='ltr'>agri</span> <span class='ocrx_word' id='word_1_355' title='bbox 1346 4156 1487 4219; x_wconf 88' lang='lat' dir='ltr'>Reiensis</span> 
     </span>
     <span class='ocr_line' id='line_1_38' title="bbox 360 4254 1487 4334; baseline 0.004 -19"><span class='ocrx_word' id='word_1_356' title='bbox 360 4257 434 4316; x_wconf 89' lang='lat' dir='ltr'>lines</span> <span class='ocrx_word' id='word_1_357' title='bbox 455 4257 566 4318; x_wconf 90' lang='lat' dir='ltr'>indicat</span> <span class='ocrx_word' id='word_1_358' title='bbox 587 4256 694 4318; x_wconf 88' lang='lat' dir='ltr'>iluvius</span> <span class='ocrx_word' id='word_1_359' title='bbox 717 4256 804 4334; x_wconf 74' lang='lat' dir='ltr'>Asse,</span> <span class='ocrx_word' id='word_1_360' title='bbox 827 4254 904 4317; x_wconf 91' lang='lat' dir='ltr'>ultra</span> <span class='ocrx_word' id='word_1_361' title='bbox 927 4273 1015 4333; x_wconf 91' lang='lat' dir='ltr'>quem</span> <span class='ocrx_word' id='word_1_362' title='bbox 1038 4255 1210 4317; x_wconf 88' lang='lat' dir='ltr'>habitabant</span> <span class='ocrx_word' id='word_1_363' title='bbox 1230 4259 1439 4322; x_wconf 72' lang='lat' dir='ltr'>Boduontioi</span> <span class='ocrx_word' id='word_1_364' title='bbox 1460 4266 1487 4327; x_wconf 87' lang='lat' dir='ltr'>et</span> 
     </span>
     <span class='ocr_line' id='line_1_39' title="bbox 360 4355 1485 4440; baseline 0.004 -22"><span class='ocrx_word' id='word_1_365' title='bbox 360 4361 534 4430; x_wconf 82' lang='lat' dir='ltr'>Avantici,</span> <span class='ocrx_word' id='word_1_366' title='bbox 557 4375 684 4436; x_wconf 89' lang='lat' dir='ltr'>quorum</span> <span class='ocrx_word' id='word_1_367' title='bbox 707 4355 850 4436; x_wconf 90' lang='lat' dir='ltr'>oppidum</span> <span class='ocrx_word' id='word_1_368' title='bbox 879 4363 942 4418; x_wconf 86' lang='lat' dir='ltr'>erat</span> <span class='ocrx_word' id='word_1_369' title='bbox 964 4356 1069 4418; x_wconf 87' lang='lat' dir='ltr'>Dinia</span> <span class='ocrx_word' id='word_1_370' title='bbox 1093 4356 1218 4438; x_wconf 76' lang='lat' dir='ltr'>(Dique).</span> <span class='ocrx_word' id='word_1_371' title='bbox 1265 4357 1355 4428; x_wconf 84' lang='lat' dir='ltr'>Quae</span> <span class='ocrx_word' id='word_1_372' title='bbox 1380 4368 1485 4440; x_wconf 83' lang='lat' dir='ltr'>gentes</span> 
     </span>
    </p>
   </div>
   <div class='ocr_carea' id='block_1_16' title="bbox 1555 3823 1559 3894">
    <p class='ocr_par' dir='ltr' id='par_1_16' title="bbox 1555 3823 1559 3894">
     <span class='ocr_line' id='line_1_40' title="bbox 1555 3823 1559 3894; baseline 0 -8"><span class='ocrx_word' id='word_1_373' title='bbox 1555 3823 1559 3894; x_wconf 84' lang='lat' dir='ltr'>l</span> 
     </span>
    </p>
   </div>
   <div class='ocr_carea' id='block_1_17' title="bbox 0 0 1582 5156">
    <p class='ocr_par' dir='ltr' id='par_1_17' title="bbox 0 0 1582 5156">
     <span class='ocr_line' id='line_1_41' title="bbox 0 0 1582 5156; baseline 0 0"><span class='ocrx_word' id='word_1_374' title='bbox 0 0 1582 5156; x_wconf 95' lang='lat' dir='ltr'> </span> 
     </span>
    </p>
   </div>
  </div>
 </body>
</html>
