3148 5160
334 445 397 508 204
720 441 804 500 PARS
826 441 855 498 ll.
900 441 1006 498 utrvr
1028 441 1057 498 ll.

333 609 450 670 abunde
478 608 605 688 probant
633 609 858 688 inscriptiones,
882 626 942 668 non
965 607 1061 669 solum
1091 626 1157 678 eos,
1181 609 1231 685 qui
1254 625 1360 668 eorum
1383 626 1445 669 eor·

333 730 439 790 porum
467 718 552 772 erant
578 712 742 789 corporati,
774 728 829 789 pro
859 709 971 771 honore
1000 717 1119 771 notasse
1148 729 1235 770 suurn
1261 709 1294 768 in
1323 708 1446 786 collegio
1550 705 1551 758 ἶ

334 813 431 892 aliquo
455 812 566 880 locum,
597 811 649 872 sed
680 813 767 872 ctiam
796 811 988 890 collegiorum
1017 813 1153 872 instituto
1181 819 1276 872 toturn
1300 810 1446 872 idbomi·
1550 803 1551 806 '

333 934 404 976 num
426 932 521 992 genus
544 913 580 974 ad
603 913 750 990 quandam
773 912 920 992 publicam
943 913 1089 974 elevatum
1118 931 1184 974 esse
1212 914 1446 974 aestimationem

332 1033 532 1094 magnumque
556 1015 633 1093 quod
660 1016 738 1075 inter
764 1013 901 1076 homines
928 999 1089 1092 ingenuos
1104 1023 1133 1076 et
1160 1011 1283 1076 libertos
1305 1016 1447 1075 intererat
1550 1039 1552 1048 ⁴

333 1119 508 1187 discrimen,
539 1116 639 1197 paullo
667 1115 854 1177 diminutum.
905 1116 1007 1195 ltaque
1040 1119 1069 1176 in
1101 1116 1295 1177 Nemausensi
1329 1117 1446 1193 quidem
1551 1111 1552 1154 l

332 1219 550 1300 amphitheatro
574 1218 705 1280 videmus
728 1217 792 1277 loca
815 1236 832 1278 a
854 1217 1067 1280 decurionibus
1089 1219 1237 1296 assignata
1265 1236 1331 1278 esse
1362 1219 1446 1278 etiam
1550 1211 1552 1290 ξ

334 1321 466 1398 collegiis
490 1321 529 1400 (n.
547 1317 629 1398 225),
656 1321 789 1380 externis
812 1319 947 1397 quidem,
970 1326 1000 1379 at
1021 1319 1101 1399 quod
1124 1329 1246 1380 externa
1269 1338 1446 1380 commemo·

333 1428 437 1483 rantur
459 1423 581 1483 fortuito
605 1440 675 1482 casu
691 1420 807 1481 videtur
823 1439 887 1482 esse
903 1422 1028 1490 iactum,
1051 1439 1148 1498 neque
1172 1430 1231 1490 est,
1256 1420 1335 1498 quod
1356 1422 1447 1499 ipsius
1552 1422 1553 1444 ³

333 1525 486 1603 municipii
520 1522 652 1599 collegiis
680 1541 748 1582 eum
775 1521 920 1584 honorem
953 1541 1128 1584 censeamus
1161 1541 1226 1584 esse
1259 1523 1445 1600 denegatum.
1551 1543 1553 1590 t

334 1625 393 1686 Sed
421 1624 513 1685 multo
541 1625 634 1701 magis
662 1625 856 1702 perspicuum
887 1631 931 1684 est
959 1626 990 1684 in
1015 1623 1239 1702 Augustalibus,
1273 1641 1332 1701 quo
1360 1624 1447 1684 modo

334 1725 557 1806 municipalium
586 1727 750 1786 aestimatio
778 1726 918 1788 tribuerit
946 1725 1122 1786 libertorum
1157 1725 1336 1795 condicioni,
1372 1725 1471 1805 quod!
1551 1709 1553 1750 ⁴

333 1849 393 1890 non
415 1827 519 1888 tribuit
541 1826 659 1906 publica
682 1825 739 1888 lex.
786 1828 842 1898 Qui
870 1826 907 1887 de
928 1826 1138 1906 Augustalibus
1165 1829 1364 1907 scripserunt,
1395 1847 1445 1888 no·

333 1937 447 1998 larunt,
471 1928 676 2007 Augustalium
698 1928 834 1989 ordinem
857 1928 985 1989 similem
1017 1930 1048 1989 in
1075 1930 1244 2008 municipiis
1271 1928 1371 1989 locum
1400 1948 1447 2004 oc·

334 2050 458 2112 cupassc
482 2039 570 2110 atque
593 2031 713 2113 Romae
727 2030 863 2092 ordinem
886 2039 1072 2109 equestrem,
1102 2031 1232 2092 medium
1255 2033 1334 2092 inter
1362 2049 1446 2091 sena·
1552 2015 1554 2076 l

334 2141 414 2194 tores
438 2141 466 2194 et
488 2131 631 2212 plebeios.
664 2132 749 2202 Quod
771 2133 867 2210 priori
890 2133 1010 2210 quidem
1033 2142 1168 2211 tempore
1188 2134 1235 2194 vix
1258 2138 1358 2212 potest
1379 2151 1447 2192 oon·

334 2235 412 2302 cedi;
438 2253 505 2296 nam
530 2233 670 2310 quamdiu
700 2251 890 2312 possessores
919 2234 1033 2295 mediae
1062 2235 1199 2295 fortunae
1228 2236 1449 2296 numerosiores

335 2342 419 2396 erant
440 2337 471 2395 in
494 2337 679 2414 municipiis,
710 2340 740 2395 et
768 2335 907 2410 quamdiu
936 2338 966 2396 in
995 2336 1171 2424 quibusdam
1199 2335 1303 2397 saltem
1326 2334 1448 2396 coloniis

335 2439 467 2514 equitum
483 2455 499 2496 a
514 2436 602 2514 plebe
618 2439 713 2497 maior
731 2442 794 2496 erat
812 2455 965 2508 numerus,
981 2438 1158 2500 libertorum
1175 2437 1219 2497 vel
1235 2436 1448 2498 ditissimorum

334 2537 468 2598 condicio
491 2537 570 2599 haud
592 2537 682 2599 dubie
704 2557 763 2598 non
787 2546 851 2598 erat
871 2538 968 2601 media
989 2541 1069 2600 inter
1084 2540 1260 2600 decuriones
1276 2544 1306 2599 et
1320 2539 1447 2617 plebem.

334 2641 370 2701 At
391 2638 542 2719 paullatim
566 2638 614 2699 bic
637 2659 740 2701 rerum
762 2645 856 2700 status
878 2643 976 2720 coepit
998 2643 1107 2702 mutari
1129 2642 1161 2701 in
1176 2641 1277 2719 peius:
1302 2643 1354 2718 qui
1373 2642 1450 2702 inira
1554 2691 1556 2720 Σ

335 2741 531 2803 decurionum
553 2749 664 2802 sortem
688 2747 773 2804 erant
788 2760 984 2821 possessores,
1009 2761 1044 2802 ex
1067 2742 1185 2821 oppidis
1199 2743 1451 2820 transmigrabant
1554 2795 1556 2828 Ξ

334 2845 365 2903 in
387 2861 490 2922 agros,
513 2845 544 2903 in
566 2845 639 2923 ipsis
662 2843 778 2923 oppidis
801 2842 976 2904 libertorum
994 2843 1080 2906 turba
1097 2843 1196 2904 locum
1212 2843 1365 2906 obtinebat
1388 2844 1450 2924 ple·

334 2945 471 3006 beiorum
500 2947 715 3024 ingenuorum,
744 2943 920 3006 libertorum
953 2945 1071 3006 divitiae
1099 2964 1183 3007 suam
1212 2945 1396 3007 exercebant
1421 2949 1450 3006 in

333 3046 482 3126 publicam
505 3049 738 3108 aestimationem
763 3049 834 3116 vim,
865 3047 983 3107 eaedem
1007 3046 1123 3108 divitiae
1151 3047 1188 3108 ad
1216 3066 1341 3110 munera
1372 3067 1450 3110 com·
1554 3065 1556 3076 ⁴

334 3149 444 3218 munia,
469 3149 504 3210 ad
528 3149 659 3210 edendos
674 3148 760 3210 ludos
776 3150 975 3228 municipibus
991 3157 1075 3209 erant
1097 3149 1346 3220 commodissima,
1365 3157 1451 3230 atque
1554 3167 1556 3172 ’

335 3255 369 3309 ut
392 3248 465 3310 nibil
487 3248 637 3319 obstabat,
663 3268 721 3327 quo
745 3253 842 3312 minus
864 3250 1039 3312 libertorum
1067 3250 1119 3311 illii
1147 3252 1183 3311 ad
1212 3269 1317 3312 omnes
1344 3270 1450 3330 perve·
1486 3327 1488 3332 Ι
1555 3253 1556 3314 ζ

336 3351 436 3410 nirent
458 3351 588 3411 bonores
611 3351 820 3431 municipales,
843 3354 884 3414 ita
905 3354 963 3432 ipsi
984 3351 1098 3422 liberti,
1123 3354 1238 3413 etiamsi
1260 3351 1296 3413 ad
1312 3352 1451 3415 decurio·

336 3459 437 3513 ustum
460 3471 521 3512 non
543 3460 680 3532 poterant
694 3457 867 3534 pervenire,
892 3454 927 3514 ad
943 3461 1116 3516 ornamenta
1132 3459 1453 3536 tamenpervenerunt
1555 3483 1556 3486 ¹

336 3553 537 3614 decurionalia
564 3562 593 3616 et
619 3563 682 3616 turn
704 3574 807 3617 revera
830 3555 992 3617 secundum
1022 3573 1038 3616 a
1061 3555 1271 3616 decurionibus
1298 3555 1402 3618 locum
1423 3558 1452 3616 in
1554 3617 1556 3624 ,

336 3655 451 3734 oppidis
472 3653 629 3718 habebant.

419 3756 541 3835 lamque
563 3765 597 3819 nt
619 3776 680 3818 uno
704 3760 787 3835 quasi
810 3758 964 3820 oculorum
987 3759 1093 3830 obtutu
1120 3765 1211 3820 totam
1241 3756 1453 3837 complectaris
1555 3791 1556 3840 1

336 3859 475 3920 ordinum
497 3858 720 3939 municipalium
742 3859 980 3939 dispositionem,
1008 3863 1139 3923 introeas
1167 3867 1285 3940 oportet
1311 3861 1343 3921 in
1368 3861 1451 3922 thea-
1555 3847 1556 3890 ³

335 3969 429 4024 trum:
454 3961 560 4023 sedent
580 3961 622 4021 ibi
649 3963 777 4041 proximi
808 3981 915 4024 scenae
940 3966 970 4024 in
1001 3965 1069 4024 imis
1097 3963 1238 4042 gradibus
1260 3963 1454 4042 praesidibus
1555 3979 1556 3982 ’

336 4065 481 4140 cuiusque
503 4065 573 4124 anni
594 4063 830 4141 magistratibus,
854 4073 944 4144 prout
967 4067 1111 4142 cuiusque
1133 4065 1260 4142 dignitas
1289 4070 1370 4134 erat,
1402 4065 1454 4125 de·
1554 4069 1556 4140 ζ

337 4167 490 4233 curiones
514 4171 679 4240 sequuntur
703 4167 818 4242 equites
840 4185 856 4225 a
878 4164 979 4244 plebe,
1004 4167 1110 4227 sedent
1130 4169 1161 4226 in
1182 4164 1255 4226 locis
1276 4164 1455 4227 honorificis
1555 4167 1556 4240 j

336 4266 372 4333 ii,
396 4265 504 4343 quibus
525 4264 644 4343 bospitii
667 4268 782 4327 ratione
804 4267 869 4327 loca
892 4274 960 4328 sunt
975 4268 1134 4344 assignata,
1157 4266 1238 4326 vides
1262 4283 1320 4326 una
1343 4268 1454 4328 seden-
1555 4282 1556 4326 l

337 4372 383 4425 tes
405 4368 517 4427 seviros
538 4368 725 4444 Augustales,
750 4368 856 4429 deinde
877 4368 1000 4446 collegia
1015 4370 1167 4449 opificum,
1192 4366 1282 4428 babet
1303 4386 1358 4430 sua
1383 4369 1454 4432 sub·

1554 4451 1556 4538 ἶ

1554 4605 1556 4622 l

1554 4627 1556 4638 r

1554 4699 1556 4714 l

1555 4721 1556 4728 r
