3148 5160
318 392 380 456 212
701 391 784 450 Paos
806 392 836 450 ll.
880 393 986 450 ctuvr
1008 393 1038 450 u.

319 565 401 620 creto
424 559 617 621 decurionum
642 559 723 639 (app.
749 579 798 620 nn.
824 567 896 627 504.
921 558 1014 639 518);
1040 562 1194 622 nominant
1217 562 1295 621 enim
1319 562 1356 631 ii,
1388 563 1440 638 qui

317 662 414 740 ipsum
438 661 548 722 cultum
571 661 786 731 administrant,
811 667 897 741 atque
920 661 979 722 buc
1002 679 1119 742 quoque
1141 663 1262 732 referas,
1288 662 1366 740 quod
1390 681 1438 724 se·

317 764 373 824 viri
388 763 562 842 Augustales
584 763 649 824 {ieri
672 763 806 824 solebant
829 763 950 824 decreto
966 763 1097 833 ordinis;
1121 781 1248 842 namque
1272 766 1440 825 sevirorum

318 871 390 935 erat,
408 865 507 927 colere
523 883 633 926 numen
648 867 772 943 Augusti
785 883 841 945 pro
857 867 1028 944 municipio.
1064 864 1257 943 Reliquorum
1273 872 1374 926 autem
1389 885 1438 926 sa-

318 985 437 1028 crorum
461 985 562 1028 curam
586 965 622 1027 ab
646 967 750 1028 ordine
772 975 940 1047 susceptam
965 986 1041 1038 esse,
1066 968 1209 1048 exemplis
1233 969 1353 1046 quidem
1377 987 1440 1028 non

316 1087 475 1147 possumus
498 1067 662 1137 illustrare;
693 1076 722 1130 at
744 1077 974 1132 consentaneum
998 1070 1128 1140 videtur,
1159 1069 1301 1150 quidquid
1325 1071 1371 1130 rei
1393 1069 1438 1128 di·
1469 1132 1477 1140 ,

318 1171 403 1230 vinae
426 1190 482 1250 pro
505 1171 666 1250 municipio
689 1169 786 1242 tiebat,
811 1170 866 1232 sub
889 1171 1002 1232 ordinis
1024 1173 1115 1234 luisse
1138 1172 1403 1238 administratione.

403 1273 505 1332 Tertio
540 1272 606 1334 loco
641 1274 794 1351 posuimus
834 1272 1039 1334 consilium
1074 1271 1368 1352 magistratibus
1402 1280 1441 1332 et

317 1373 456 1453 populo
487 1373 643 1436 dandum
667 1375 704 1435 de
728 1373 923 1436 electionibus
945 1377 1172 1454 magistratuum
1196 1385 1224 1437 et
1247 1376 1440 1455 cooptatione

318 1482 523 1554 patronorum,
546 1478 577 1537 in
601 1475 709 1554 quibus
731 1476 846 1537 duabus
869 1476 959 1538 rebus
981 1478 1095 1556 origine
1112 1487 1148 1538 'et
1177 1497 1279 1539 caussa
1301 1479 1380 1538 inter
1405 1495 1440 1538 se

318 1576 442 1638 diversis
465 1596 554 1656 supra
577 1577 616 1659 (p.
640 1576 710 1655 208)
736 1577 860 1639 vidimus
882 1577 1031 1658 paullatim
1055 1581 1172 1640 comitia
1199 1581 1239 1640 ita
1265 1581 1295 1640 in
1324 1581 1440 1640 curiam

317 1681 486 1750 transiisse,
515 1687 548 1741 nt
577 1679 682 1740 electio
709 1681 793 1740 tieret
822 1699 838 1740 a
861 1680 1071 1742 decurionibus
1099 1700 1154 1743 nec
1175 1682 1232 1742 nisi
1259 1698 1440 1742 consensum

319 1783 501 1861 exprimeret
521 1781 650 1861 populus
673 1783 737 1870 tuse
759 1783 927 1843 considens
971 1819 972 1827 κ
1211 1863 1215 1871 Ι

402 1884 444 1945 lle
468 1890 574 1962 quarto
596 1901 716 1962 quoque
739 1884 929 1946 decretorum
951 1902 1077 1962 genere,
1108 1885 1185 1965 quod
1209 1883 1383 1946 versabatur
1406 1886 1438 1946 iu

318 1976 543 2065 cooptandis
570 1984 843 2047 decurionibus
871 1988 1003 2048 externis
1026 1993 1055 2047 et
1076 1987 1105 2047 in
1129 1986 1325 2048 decernendis
1348 2005 1437 2048 orna-

317 2089 426 2148 mentis
449 2085 688 2148 decurionalibus
710 2089 768 2148 iam
791 2088 927 2149 diximus.

401 2189 536 2267 Denique
553 2191 584 2249 in
600 2189 712 2250 Latinis
735 2190 853 2269 oppidis
876 2209 984 2252 munus
1007 2189 1200 2276 decurionum
1224 2210 1259 2251 eo
1283 2191 1319 2251 ad
1342 2193 1437 2251 maio-

318 2309 382 2350 rem
405 2292 492 2352 etiam
515 2291 688 2370 dignitatem
706 2299 751 2352 est
767 2292 886 2362 elatum,
910 2291 989 2370 quod
1007 2293 1039 2352 in
1062 2292 1291 2354 iudiciorum
1315 2309 1438 2373 quoque

318 2392 424 2452 ordine
453 2410 540 2453 suurn
568 2392 717 2455 habebant
746 2393 853 2456 locum.
906 2394 1037 2454 Primum
1071 2396 1148 2454 enim
1183 2393 1360 2473 praescribit
1387 2393 1438 2453 lex

272 2535 278 2544 -
319 2491 514 2571 salpensem,
542 2501 576 2554 ut
603 2496 628 2555 si
651 2497 701 2574 qui
723 2498 877 2577 municeps
899 2495 1019 2556 Latinus
1046 2497 1142 2556 minor
1165 2497 1267 2574 viginti
1288 2513 1436 2558 annorum

318 2612 436 2656 servum
457 2597 645 2656 manumittat
667 2597 743 2676 apud
767 2597 947 2666 duumviros,
971 2594 1108 2676 probatio
1130 2615 1253 2658 caussae
1275 2598 1436 2658 manumit-

316 2695 413 2767 tendi,
443 2714 518 2775 quae
540 2699 621 2759 inter
647 2697 845 2778 provinciales
875 2700 954 2759 cives
976 2698 1125 2759 Romanos
1153 2699 1217 2758 steri
1244 2698 1359 2760 solebat
1379 2717 1438 2778 per

317 2799 420 2876 viginti
442 2806 686 2878 recuperatores,
710 2802 749 2861 sit
770 2819 863 2880 penes
886 2801 1036 2868 ordinem;
1067 2799 1173 2860 deinde
1194 2800 1296 2861 eadem
1320 2799 1368 2860 lex
1391 2802 1437 2860 iu-

317 2900 369 2960 bet
390 2898 593 2971 duumvirum,
624 2921 639 2963 a
668 2918 726 2979 qno
747 2903 855 2962 tutoris
877 2900 956 2963 datio
978 2902 1123 2981 postulata
1151 2903 1202 2976 sit,
1232 2905 1257 2963 si
1279 2901 1435 2980 collegam,

315 3020 410 3080 penes
440 3019 529 3080 quem
552 3003 716 3064 iurisdictio
741 3009 800 3074 est,
832 3002 945 3066 nullum
971 3005 1065 3083 possit
1086 3005 1117 3064 in
1140 3003 1294 3065 consilium
1318 3023 1436 3074 vocare,

317 3103 440 3165 consilio
463 3107 507 3165 uti
529 3105 642 3166 ordinis
666 3112 695 3165 et
719 3111 846 3165 tutorem
869 3106 940 3165 dare
964 3123 999 3166 ex
1022 3105 1142 3168 decreto
1166 3102 1435 3184 decurionum¹⁴³);

317 3207 499 3284 omninoque
526 3207 557 3266 in
580 3206 635 3266 bac
659 3223 778 3284 quoque
806 3225 840 3268 re
867 3206 952 3268 aliam
981 3208 1073 3268 luisse
1100 3207 1333 3269 iurisdictionem
1356 3208 1437 3269 inter

317 3306 395 3365 cives
424 3305 587 3377 Romanos,
617 3308 704 3368 aliam
730 3310 809 3369 inter
838 3307 971 3376 Latinos,
1001 3310 1078 3371 inira
1106 3308 1278 3370 videbimus.
1330 3309 1436 3386 Neque

317 3424 387 3466 vero
411 3414 526 3469 tanturn
547 3410 577 3468 in
599 3409 721 3488 privatis
743 3409 860 3471 iudiciis
882 3409 1076 3472 adhibebatur
1098 3412 1187 3480 ordo,
1217 3411 1269 3472 sed
1292 3412 1379 3472 etiam
1404 3412 1436 3472 in

316 3505 461 3587 publicis:
488 3511 513 3570 si
535 3511 583 3570 cui
607 3512 685 3570 enim
708 3528 766 3588 qua
789 3511 880 3573 multa
904 3511 981 3572 dicta
1005 3519 1068 3572 erat
1090 3532 1105 3574 a
1128 3514 1316 3590 magistratu,
1339 3531 1436 3592 penes

318 3626 407 3685 quem
432 3616 495 3671 erat
517 3611 625 3672 multae
647 3612 751 3683 dictio,
782 3619 871 3693 atque
899 3621 948 3675 aut
969 3615 1034 3692 ipse
1057 3622 1107 3675 aut
1129 3615 1192 3675 eius
1214 3615 1335 3674 nomine
1357 3612 1436 3674 alius

317 3709 499 3789 postulabat,
529 3719 561 3772 ut
587 3713 624 3772 de
653 3733 689 3800 ea
716 3733 750 3774 re
778 3716 943 3776 referretur
966 3715 1001 3775 ad
1025 3715 1214 3786 decuriones,
1244 3714 1292 3775 lex
1315 3714 1435 3776 Malaci-

315 3820 384 3874 tana
405 3812 528 3874 iubebat
550 3813 586 3874 de
609 3833 641 3874 ea
666 3834 698 3874 re
721 3815 915 3877 decurionum
939 3835 1005 3877 esse
1027 3811 1235 3895 iudicium¹⁴⁴l
1281 3816 1364 3888 Quod
1387 3819 1433 3879 in-

316 3916 449 3975 stitutum
472 3914 636 3976 Mommsen
660 3924 761 3976 censet
783 3918 853 3978 inde
876 3937 940 3978 esse
964 3916 1179 3996 explicandum,
1203 3918 1283 3996 quod
1306 3919 1361 3979 civi
1377 3917 1434 3979 La·

316 4017 378 4076 tino
400 4017 570 4095 provocatio
593 4015 629 4076 ad
651 4018 863 4096 imperatorem
886 4038 945 4080 non
965 4019 1057 4078 luerit
1072 4038 1169 4098 neque
1184 4017 1335 4082 tamenab
1351 4021 1435 4080 omni

385 4250 443 4317 143)
462 4253 531 4303 Tub.
551 4251 677 4317 Salpens.
696 4253 770 4307 rubr.
787 4255 828 4306 28.
847 4257 888 4306 29.
917 4255 968 4306 cfr.
987 4257 1146 4319 Mommsen,
1166 4255 1269 4307 Stadtr.
1288 4273 1314 4322 p.
1333 4257 1395 4310 413.

385 4336 443 4398 144)
462 4335 530 4388 Tab.
549 4337 650 4386 Malao.
669 4337 741 4386 rubr.
759 4339 800 4387 66.
831 4338 881 4389 cfr.
901 4340 1060 4402 Mommsen,
1079 4340 1181 4393 sceau.
1199 4357 1227 4406 p.
1239 4341 1385 4396 tta-415.
