3154 5162
291 453 331 518 78
677 449 760 509 PARS
782 449 801 514 1.
847 451 954 509 GAPV'l'
974 449 1005 508 11.

291 619 435 680 orientem
458 623 642 696 sepaerotur,
663 619 863 699 proficiscitur
885 617 922 679 ab
943 616 1019 679 urbe
1040 615 1199 680 Massiliam
1220 634 1325 680 ausus
1340 626 1410 680 ten-

289 728 456 792 taturus,·a
478 721 611 801 Pompeii
632 721 768 802 partibus
798 739 862 782 eam
890 726 1033 782 avertere.
1078 721 1115 781 at
1137 720 1207 782 dum
1229 738 1297 782 cum
1311 721 1409 782 Grae·

290 841 393 885 uorum
416 824 540 886 summis
562 823 782 902 magistralibus
804 824 842 884 dc
862 841 935 902 pace
956 824 1031 901 agit,
1054 822 1172 883 advenit
1186 821 1330 884 Massiliae
1347 823 1409 884 Do·

217 997 219 1001 4
289 927 391 988 mitius
413 944 480 987 eum
501 943 592 1005 parva
614 924 724 996 classe,
755 942 844 1003 quam
866 925 897 984 in
919 915 1020 985 ltaliae
1043 941 1095 986 ora
1118 943 1134 984 a
1156 924 1276 1004 privatis
1298 927 1407 1002 coege-

289 1035 344 1098 rat,
368 1028 511 1107 recipitur
534 1046 551 1088 a
573 1028 693 1088 Graecis
716 1035 746 1088 et
766 1027 938 1108 praeficitur
966 1025 1034 1087 urbi
1056 1025 1092 1088 ad
1114 1025 1313 1088 dimicandum
1336 1045 1409 1088 cunr

289 1130 415 1191 Caesare
437 1136 572 1210 paratae,
602 1136 637 1190 ut
662 1147 738 1209 quae
766 1131 825 1190 iam
854 1135 923 1190 ante
946 1129 1080 1190 Caesaris
1106 1127 1265 1190 adventum
1285 1126 1410 1189 Albicos

289 1233 349 1292 sive
372 1231 527 1294 Albioecos
553 1231 695 1294 finitimos
723 1229 780 1294 sibi
802 1230 947 1292 obnoxios
974 1229 1010 1292 ad
1038 1229 1243 1292 defensionem
1265 1229 1408 1292 adscivis-

290 1339 349 1403 set,
380 1335 472 1414 copiis
499 1340 598 1395 autern
624 1333 777 1395 navalibus
811 1334 973 1412 antiquitus
1007 1334 1117 1412 optime
1145 1339 1225 1394 esset
1249 1335 1407 1395 instructa.

288 1433 396 1496 Inutile
419 1443 465 1497 cst
486 1433 600 1513 singula
621 1442 773 1516 repetere,
803 1451 879 1512 quae
907 1434 945 1496 de
973 1437 1061 1496 variis
1090 1435 1154 1496 eius
1176 1452 1252 1514 quae
1274 1436 1331 1494 iam
1354 1453 1406 1495 se·

290 1535 437 1614 quebatur
466 1536 627 1598 obsidionis
656 1537 773 1598 casibus
800 1539 864 1617 ipse
893 1537 1000 1599 Cacsar
1029 1537 1179 1616 exposuit,
1214 1544 1304 1613 atque
1333 1537 1408 1597 satis

288 1635 433 1700 habemus
455 1655 715 1708 commemorasse,
738 1638 836 1700 medio
859 1641 976 1702 circiter
998 1655 1100 1700 mense
1123 1635 1225 1698 Sextili
1248 1644 1408 1717 postquam

288 1741 417 1818 primum
445 1737 567 1801 absente
595 1741 626 1800 in
654 1739 792 1821 Hispania
819 1743 885 1820 ipso
914 1743 1094 1820 imperatore
1120 1738 1209 1817 legati
1238 1738 1439 1800 Trebonius·

288 1847 378 1913 terra,
402 1842 435 1903 D.
453 1843 564 1904 Brutus
579 1844 653 1902 mari
671 1842 777 1904 urbem
798 1850 1054 1922 oppugnaverunt,
1077 1840 1276 1902 Massilienses
1298 1857 1406 1918 qnam·

287 1960 377 2021 quam
399 1944 560 2005 fortissime
588 1943 762 2005 dimicantes
785 1944 822 2004 ab
843 1952 971 2022 utraque
993 1950 1077 2023 parte
1098 1961 1260 2023 oppressos
1281 1959 1408 2004 reverso

287 2064 324 2107 en
346 2044 483 2126 Hispania
507 2045 626 2107 Caesari
648 2065 680 2107 se
703 2043 873 2126 dedisse.¹²)
918 2046 946 2106 is
974 2050 1158 2108 antemium
1186 2043 1305 2122 quidem
1331 2047 1408 2107 satis

286 2145 401 2210 habens
423 2149 513 2209 armis
536 2147 733 2226 omnibusque
755 2147 868 2209 bellicis
890 2149 984 2228 copiis
1007 2153 1110 2208 exutos
1134 2153 1162 2206 et
1176 2147 1303 2226 pecunia
1322 2147 1406 2208 mui-

287 2255 395 2317 ctatos,
428 2247 565 2309 libertate
600 2256 699 2311 tamen
735 2267 889 2319 concessa,
920 2249 1048 2310 duarum
1075 2247 1228 2326 legionunl
1255 2247 1407 2327 praesidio

287 2351 458 2419 continere,
489 2349 557 2426 quid
582 2348 619 2409 de
641 2352 735 2411 victae
756 2351 841 2412 urbis
864 2352 1014 2412 territorio
1042 2349 1231 2412 statuendum
1254 2356 1347 2419 esset,
1370 2351 1407 2411 in

286 2450 414 2510 conlecti
436 2447 507 2510 belli
529 2457 646 2530 tempus
668 2453 791 2513 remisit
820 2487 862 2497 —
890 2453 1029 2514 Ceterum
1056 2471 1111 2532 per
1140 2469 1227 2512 omne
1255 2451 1407 2513 Massiliae

286 2559 473 2630 oppugnatae
494 2559 612 2632 ternpus
634 2551 748 2633 reliqua
775 2555 925 2634 provincia
946 2573 1070 2634 prensans
1092 2555 1192 2632 quieta
1213 2555 1324 2623 luerat,
1348 2573 1405 2614 ne·

287 2654 466 2730 queminus
494 2671 549 2733 per
571 2656 742 2718 universum
764 2655 876 2717 bellum
902 2655 987 2716 civile
1010 2656 1133 2718 eandem
1155 2655 1243 2716 fidem
1265 2657 1404 2717 servavit.

285 2754 463 2816 Alaudarum
487 2774 557 2816 vero
578 2755 656 2834 legio
679 2775 738 2819 non
767 2758 863 2820 scium
891 2777 945 2837 per
974 2777 1061 2820 omne
1089 2757 1201 2820 bellum
1223 2756 1307 2818 civile
1329 2774 1405 2818 con·

285 2858 368 2918 tinne
382 2856 440 2917 lide
455 2866 557 2920 secuta
573 2859 729 2922 Gaesarem
747 2867 807 2930 est,
830 2859 882 2920 sed
906 2861 993 2921 etiam
1007 2868 1076 2940 pust
1090 2862 1154 2921 eius
1169 2866 1296 2920 moriem
1311 2857 1404 2919 fidem

285 2957 573 3039 Caesariservatam
595 2960 631 3022 ad
654 2963 814 3024 Antonium
835 2960 994 3022 uanstuiit.

266 3137 267 3142 ἵ
369 3061 490 3124 Devicta
511 3061 655 3142 Pompeio
683 3081 751 3125 cum
779 3063 816 3124 de
840 3081 954 3124 summa
983 3064 1171 3125 rerum‘iam
1193 3071 1272 3125 esset
1294 3063 1402 3124 decre·

283 3169 357 3232 tum,
382 3166 511 3242 cogitare
533 3167 629 3244 potuit
650 3164 758 3227 Caesar
779 3166 816 3226 de
838 3183 914 3226 novo
930 3164 1034 3226 ordine
1056 3183 1110 3246 per
1132 3183 1221 3228 omne
1240 3167 1404 3246 imperium

284 3263 450 3326 Romanum
472 3266 697 3327 introducendo.
744 3267 833 3329 Cuius
855 3269 923 3329 novi
945 3265 1058 3328 ordinis
1080 3268 1274 3328 fundamenta
1297 3269 1403 3343 utique

284 3363 397 3425 alulio
413 3367 539 3428 Caesare
562 3386 629 3429 esse
651 3370 740 3438 iacta,
765 3387 854 3430 nemo
877 3379 936 3440 est,
960 3369 1011 3450 qui
1030 3371 1196 3448 negaverim
1221 3375 1338 3429 alcum
1361 3369 1403 3430 ad

282 3466 462 3529 immensum
485 3467 543 3530 hoc
565 3487 641 3550 opus
662 3472 742 3532 inter
765 3489 798 3532 ea
821 3470 908 3542 bella,
933 3488 1008 3548 quac
1031 3489 1098 3532 cum
1122 3471 1257 3548 reliquiis
1271 3470 1402 3548 Pompe-

282 3569 417 3642 iecorum
439 3572 470 3630 in
492 3572 638 3650 Aegypto,
662 3573 773 3643 Africa,
803 3573 942 3652 Hispania
964 3571 1093 3651 gerenda
1116 3577 1217 3641 erant,
1246 3589 1403 3650 nunquam

284 3673 457 3733 continuum
479 3677 599 3751 tempus
619 3673 747 3735 liberum
770 3674 805 3734 ad
823 3675 986 3736 ordinanda
1001 3675 1096 3735 civiiia
1110 3677 1243 3736 instituta
1266 3675 1293 3734 ei
1307 3682 1401 3744 esset,

283 3789 350 3836 eum
374 3773 479 3835 deinde
502 3792 578 3852 quae
600 3776 665 3854 ipse
686 3777 855 3855 inceperat,
885 3783 1072 3856 praematura
1102 3779 1166 3837 eius
1188 3782 1284 3836 morte
1304 3777 1402 3836 inter-

282 3881 369 3953 rupta
398 3876 459 3936 sive
487 3895 503 3938 a
530 3877 693 3938 triumviris
722 3861 915 3956 reipublicae·
933 3878 1158 3940 consiituendae
1185 3880 1245 3938 sive
1273 3877 1309 3938 ab
1336 3877 1402 3940 llu-

282 4045 585 4058 ——.--.—.........

350 4146 392 4212 12)
412 4146 470 4199 Cir.
489 4147 522 4198 de
540 4147 614 4200 bello
631 4148 804 4200 Massiliensi
823 4148 903 4203 Caes
922 4148 950 4202 b.
969 4166 992 4200 c.
1014 4151 1042 4211 1,
1060 4151 1171 4201 34—36.
1194 4151 1222 4212 2,
1244 4150 1334 4200 1-16,
1353 4149 1402 4202 22.

280 4231 333 4282 Dio
351 4234 393 4291 41,
415 4233 454 4285 19.
474 4233 515 4284 25.
551 4233 627 4284 Flor.
645 4235 674 4297 4,
694 4237 723 4297 2,
742 4237 855 4296 23-26;
875 4235 909 4284 de
921 4234 1139 4285 Mass1l1ens1um
1157 4237 1230 4284 sorte
1249 4235 1304 4287 vid.
1317 4233 1403 4290 Oros.

281 4317 367 4377 616.
403 4317 464 4367 Liv
484 4319 550 4382 epit.
571 4321 629 4372 110.
666 4318 723 4369 Cia.
743 4319 815 4368 Phil
835 4319 1274 4382 8‚6,18.13‚15,32.adAt.t
1295 4320 1405 4383 1414.

281 4399 315 4449 de
333 4398 378 4449 off.
397 4402 422 4462 2,
441 4403 466 4462 6,
485 4403 528 4452 26.
564 4401 664 4453 Strabo
683 4401 730 4455 IV.
749 4419 775 4468 p
796 4404 853 4453 161.
