<?xml version="1.0" encoding="UTF-8"?>
<!DOCTYPE html PUBLIC "-//W3C//DTD XHTML 1.0 Transitional//EN"
    "http://www.w3.org/TR/xhtml1/DTD/xhtml1-transitional.dtd">
<html xmlns="http://www.w3.org/1999/xhtml" xml:lang="en" lang="en">
 <head>
  <title>
</title>
<meta http-equiv="Content-Type" content="text/html;charset=utf-8" />
  <meta name='ocr-system' content='tesseract 3.04.00' />
  <meta name='ocr-capabilities' content='ocr_page ocr_carea ocr_par ocr_line ocrx_word'/>
</head>
<body>
  <div class='ocr_page' id='page_1' title='image "./galliaenarbonen01herzgoog_0091.png"; bbox 0 0 3154 5162; ppageno 0'>
   <div class='ocr_carea' id='block_1_1' title="bbox 547 485 1267 552">
    <p class='ocr_par' dir='ltr' id='par_1_1' title="bbox 547 485 1267 552">
     <span class='ocr_line' id='line_1_1' title="bbox 547 485 1267 552; baseline 0.001 -10"><span class='ocrx_word' id='word_1_1' title='bbox 547 485 633 542; x_wconf 82' lang='lat' dir='ltr'>PARS</span> <span class='ocrx_word' id='word_1_2' title='bbox 654 485 674 541; x_wconf 93' lang='lat' dir='ltr'><strong>l.</strong></span> <span class='ocrx_word' id='word_1_3' title='bbox 717 485 825 543; x_wconf 80' lang='lat' dir='ltr'><strong>CAPV&#39;l&#39;</strong></span> <span class='ocrx_word' id='word_1_4' title='bbox 847 487 877 543; x_wconf 90' lang='lat'><strong>11.</strong></span> <span class='ocrx_word' id='word_1_5' title='bbox 1227 489 1267 552; x_wconf 81' lang='grc'><strong>75</strong></span> 
     </span>
    </p>
   </div>
   <div class='ocr_carea' id='block_1_2' title="bbox 134 651 1268 2568">
    <p class='ocr_par' dir='ltr' id='par_1_2' title="bbox 134 651 1268 2568">
     <span class='ocr_line' id='line_1_2' title="bbox 149 651 1267 734; baseline 0 -19"><span class='ocrx_word' id='word_1_6' title='bbox 149 673 208 716; x_wconf 88' lang='lat' dir='ltr'><strong>non</strong></span> <span class='ocrx_word' id='word_1_7' title='bbox 232 654 332 714; x_wconf 89' lang='lat' dir='ltr'><strong>omnia</strong></span> <span class='ocrx_word' id='word_1_8' title='bbox 355 654 507 714; x_wconf 80' lang='lat' dir='ltr'><strong>consecuti</strong></span> <span class='ocrx_word' id='word_1_9' title='bbox 529 658 599 714; x_wconf 88' lang='lat' dir='ltr'><strong>sunt</strong></span> <span class='ocrx_word' id='word_1_10' title='bbox 614 651 748 722; x_wconf 85' lang='lat' dir='ltr'><strong>Romani,</strong></span> <span class='ocrx_word' id='word_1_11' title='bbox 773 669 849 730; x_wconf 89' lang='lat' dir='ltr'><strong>qnae</strong></span> <span class='ocrx_word' id='word_1_12' title='bbox 871 652 1034 723; x_wconf 86' lang='lat' dir='ltr'><strong>voluerant,</strong></span> <span class='ocrx_word' id='word_1_13' title='bbox 1060 660 1158 732; x_wconf 86' lang='lat' dir='ltr'><strong>tamen</strong></span> <span class='ocrx_word' id='word_1_14' title='bbox 1179 653 1267 734; x_wconf 89' lang='lat' dir='ltr'><strong>longe</strong></span> 
     </span>
     <span class='ocr_line' id='line_1_3' title="bbox 148 753 1266 836; baseline 0 -18"><span class='ocrx_word' id='word_1_15' title='bbox 148 755 266 826; x_wconf 83' lang='lat' dir='ltr'><strong>aberat,</strong></span> <span class='ocrx_word' id='word_1_16' title='bbox 295 757 366 833; x_wconf 90' lang='lat' dir='ltr'><strong>quin</strong></span> <span class='ocrx_word' id='word_1_17' title='bbox 388 754 458 815; x_wconf 90' lang='lat' dir='ltr'><strong>inde</strong></span> <span class='ocrx_word' id='word_1_18' title='bbox 480 753 649 834; x_wconf 87' lang='lat' dir='ltr'><strong>provinciae</strong></span> <span class='ocrx_word' id='word_1_19' title='bbox 672 755 937 834; x_wconf 74' lang='lat' dir='ltr'><strong>perturbaretur,</strong></span> <span class='ocrx_word' id='word_1_20' title='bbox 967 757 1058 816; x_wconf 90' lang='lat' dir='ltr'><strong>immo</strong></span> <span class='ocrx_word' id='word_1_21' title='bbox 1081 755 1128 817; x_wconf 89' lang='lat' dir='ltr'><strong>bis</strong></span> <span class='ocrx_word' id='word_1_22' title='bbox 1145 755 1266 836; x_wconf 84' lang='lat' dir='ltr'><strong>expedi·</strong></span> 
     </span>
     <span class='ocr_line' id='line_1_4' title="bbox 147 855 1268 934; baseline -0.001 -15"><span class='ocrx_word' id='word_1_23' title='bbox 147 855 281 920; x_wconf 81' lang='lat' dir='ltr'><strong>tionibus</strong></span> <span class='ocrx_word' id='word_1_24' title='bbox 308 857 434 917; x_wconf 90' lang='lat' dir='ltr'><strong>tutiores</strong></span> <span class='ocrx_word' id='word_1_25' title='bbox 468 873 557 934; x_wconf 90' lang='lat' dir='ltr'><strong>qnam</strong></span> <span class='ocrx_word' id='word_1_26' title='bbox 585 863 671 930; x_wconf 82' lang='lat' dir='ltr'><strong>antes</strong></span> <span class='ocrx_word' id='word_1_27' title='bbox 700 858 775 918; x_wconf 87' lang='lat' dir='ltr'><strong>fines</strong></span> <span class='ocrx_word' id='word_1_28' title='bbox 802 858 874 918; x_wconf 84' lang='lat' dir='ltr'><strong>iacti</strong></span> <span class='ocrx_word' id='word_1_29' title='bbox 902 864 979 918; x_wconf 90' lang='lat' dir='ltr'><strong>sunt.</strong></span> <span class='ocrx_word' id='word_1_30' title='bbox 1025 857 1058 918; x_wconf 93' lang='lat' dir='ltr'><strong>ln</strong></span> <span class='ocrx_word' id='word_1_31' title='bbox 1088 875 1123 918; x_wconf 89' lang='lat' dir='ltr'><strong>eo</strong></span> <span class='ocrx_word' id='word_1_32' title='bbox 1151 863 1268 920; x_wconf 68' lang='lat' dir='ltr'><strong>tantem</strong></span> 
     </span>
     <span class='ocr_line' id='line_1_5' title="bbox 147 957 1267 1037; baseline 0 -17"><span class='ocrx_word' id='word_1_33' title='bbox 147 960 239 1020; x_wconf 85' lang='lat' dir='ltr'><strong>totius</strong></span> <span class='ocrx_word' id='word_1_34' title='bbox 263 957 373 1019; x_wconf 89' lang='lat' dir='ltr'><strong>Calliae</strong></span> <span class='ocrx_word' id='word_1_35' title='bbox 396 963 495 1026; x_wconf 90' lang='lat' dir='ltr'><strong>motu,</strong></span> <span class='ocrx_word' id='word_1_36' title='bbox 526 975 585 1036; x_wconf 90' lang='lat' dir='ltr'><strong>quo</strong></span> <span class='ocrx_word' id='word_1_37' title='bbox 607 978 624 1019; x_wconf 91' lang='lat' dir='ltr'><strong>a</strong></span> <span class='ocrx_word' id='word_1_38' title='bbox 646 960 888 1037; x_wconf 81' lang='lat' dir='ltr'><strong>Vercingetorige</strong></span> <span class='ocrx_word' id='word_1_39' title='bbox 911 965 1048 1020; x_wconf 78' lang='lat' dir='ltr'><strong>evocatae</strong></span> <span class='ocrx_word' id='word_1_40' title='bbox 1070 957 1209 1020; x_wconf 86' lang='lat' dir='ltr'><strong>ultimum</strong></span> <span class='ocrx_word' id='word_1_41' title='bbox 1231 958 1267 1020; x_wconf 89' lang='lat' dir='ltr'><strong>il·</strong></span> 
     </span>
     <span class='ocr_line' id='line_1_6' title="bbox 147 1059 1267 1140; baseline 0.001 -19"><span class='ocrx_word' id='word_1_42' title='bbox 147 1060 197 1121; x_wconf 91' lang='lat' dir='ltr'><strong>lud</strong></span> <span class='ocrx_word' id='word_1_43' title='bbox 219 1059 331 1121; x_wconf 87' lang='lat' dir='ltr'><strong>Galliae</strong></span> <span class='ocrx_word' id='word_1_44' title='bbox 353 1061 489 1121; x_wconf 85' lang='lat' dir='ltr'><strong>nationes</strong></span> <span class='ocrx_word' id='word_1_45' title='bbox 511 1060 547 1121; x_wconf 88' lang='lat' dir='ltr'><strong>ad</strong></span> <span class='ocrx_word' id='word_1_46' title='bbox 569 1059 736 1122; x_wconf 85' lang='lat' dir='ltr'><strong>libertatem</strong></span> <span class='ocrx_word' id='word_1_47' title='bbox 758 1079 842 1121; x_wconf 90' lang='lat' dir='ltr'><strong>suam</strong></span> <span class='ocrx_word' id='word_1_48' title='bbox 857 1059 1062 1122; x_wconf 86' lang='lat' dir='ltr'><strong>vindicandam</strong></span> <span class='ocrx_word' id='word_1_49' title='bbox 1083 1061 1203 1140; x_wconf 86' lang='lat' dir='ltr'><strong>inopine</strong></span> <span class='ocrx_word' id='word_1_50' title='bbox 1219 1079 1267 1122; x_wconf 85' lang='lat' dir='ltr'><strong>re·</strong></span> 
     </span>
     <span class='ocr_line' id='line_1_7' title="bbox 147 1160 1266 1242; baseline 0 -18"><span class='ocrx_word' id='word_1_51' title='bbox 147 1161 279 1224; x_wconf 88' lang='lat' dir='ltr'><strong>bellione</strong></span> <span class='ocrx_word' id='word_1_52' title='bbox 302 1167 506 1232; x_wconf 82' lang='lat' dir='ltr'><strong>surrexerunt,</strong></span> <span class='ocrx_word' id='word_1_53' title='bbox 530 1160 577 1222; x_wconf 91' lang='lat' dir='ltr'><strong>bis</strong></span> <span class='ocrx_word' id='word_1_54' title='bbox 597 1164 656 1242; x_wconf 92' lang='lat' dir='ltr'><strong>ipsi</strong></span> <span class='ocrx_word' id='word_1_55' title='bbox 677 1179 797 1242; x_wconf 89' lang='lat' dir='ltr'><strong>quoqne</strong></span> <span class='ocrx_word' id='word_1_56' title='bbox 819 1164 990 1242; x_wconf 87' lang='lat' dir='ltr'><strong>provinciae</strong></span> <span class='ocrx_word' id='word_1_57' title='bbox 1005 1160 1117 1224; x_wconf 86' lang='lat' dir='ltr'><strong>bellum</strong></span> <span class='ocrx_word' id='word_1_58' title='bbox 1130 1164 1266 1224; x_wconf 87' lang='lat' dir='ltr'><strong>immine·</strong></span> 
     </span>
     <span class='ocr_line' id='line_1_8' title="bbox 149 1261 1266 1334; baseline 0.001 -9"><span class='ocrx_word' id='word_1_59' title='bbox 149 1263 208 1325; x_wconf 83' lang='lat' dir='ltr'><strong>bal.</strong></span> <span class='ocrx_word' id='word_1_60' title='bbox 254 1263 386 1325; x_wconf 91' lang='lat' dir='ltr'><strong>Primum</strong></span> <span class='ocrx_word' id='word_1_61' title='bbox 409 1265 488 1324; x_wconf 89' lang='lat' dir='ltr'><strong>enim</strong></span> <span class='ocrx_word' id='word_1_62' title='bbox 511 1283 578 1327; x_wconf 90' lang='lat' dir='ltr'><strong>cum</strong></span> <span class='ocrx_word' id='word_1_63' title='bbox 600 1265 685 1324; x_wconf 92' lang='lat' dir='ltr'><strong>initio</strong></span> <span class='ocrx_word' id='word_1_64' title='bbox 707 1266 776 1326; x_wconf 89' lang='lat' dir='ltr'><strong>anni</strong></span> <span class='ocrx_word' id='word_1_65' title='bbox 799 1269 840 1332; x_wconf 79' lang='lat'><strong>52</strong></span> <span class='ocrx_word' id='word_1_66' title='bbox 862 1264 958 1324; x_wconf 86' lang='lat' dir='ltr'><strong>media</strong></span> <span class='ocrx_word' id='word_1_67' title='bbox 979 1261 1078 1326; x_wconf 87' lang='lat' dir='ltr'><strong>bieme</strong></span> <span class='ocrx_word' id='word_1_68' title='bbox 1099 1263 1266 1334; x_wconf 90' lang='lat' dir='ltr'><strong>Lucterius,</strong></span> 
     </span>
     <span class='ocr_line' id='line_1_9' title="bbox 149 1363 1265 1445; baseline 0.002 -19"><span class='ocrx_word' id='word_1_69' title='bbox 149 1363 353 1427; x_wconf 75' lang='lat' dir='ltr'><strong>Cadurcorum</strong></span> <span class='ocrx_word' id='word_1_70' title='bbox 381 1365 457 1436; x_wconf 86' lang='lat' dir='ltr'><strong>dux,</strong></span> <span class='ocrx_word' id='word_1_71' title='bbox 488 1384 504 1426; x_wconf 90' lang='lat' dir='ltr'><strong>a</strong></span> <span class='ocrx_word' id='word_1_72' title='bbox 533 1366 774 1445; x_wconf 81' lang='lat' dir='ltr'><strong>Vercingetorige</strong></span> <span class='ocrx_word' id='word_1_73' title='bbox 807 1368 917 1428; x_wconf 90' lang='lat' dir='ltr'><strong>missus</strong></span> <span class='ocrx_word' id='word_1_74' title='bbox 952 1373 1031 1427; x_wconf 87' lang='lat' dir='ltr'><strong>esset</strong></span> <span class='ocrx_word' id='word_1_75' title='bbox 1062 1368 1093 1426; x_wconf 92' lang='lat' dir='ltr'><strong>in</strong></span> <span class='ocrx_word' id='word_1_76' title='bbox 1121 1365 1265 1437; x_wconf 86' lang='lat' dir='ltr'><strong>Rutenos,</strong></span> 
     </span>
     <span class='ocr_line' id='line_1_10' title="bbox 147 1467 1265 1548; baseline -0.001 -18"><span class='ocrx_word' id='word_1_77' title='bbox 147 1467 228 1530; x_wconf 89' lang='lat' dir='ltr'><strong>unde</strong></span> <span class='ocrx_word' id='word_1_78' title='bbox 257 1467 426 1529; x_wconf 82' lang='lat' dir='ltr'><strong>Narbonem</strong></span> <span class='ocrx_word' id='word_1_79' title='bbox 456 1485 559 1528; x_wconf 86' lang='lat' dir='ltr'><strong>versus</strong></span> <span class='ocrx_word' id='word_1_80' title='bbox 588 1469 775 1548; x_wconf 83' lang='lat' dir='ltr'><strong>eruptionem</strong></span> <span class='ocrx_word' id='word_1_81' title='bbox 804 1470 930 1539; x_wconf 86' lang='lat' dir='ltr'><strong>iaceret,</strong></span> <span class='ocrx_word' id='word_1_82' title='bbox 957 1468 1114 1548; x_wconf 90' lang='lat' dir='ltr'><strong>repentino</strong></span> <span class='ocrx_word' id='word_1_83' title='bbox 1136 1467 1265 1529; x_wconf 89' lang='lat' dir='ltr'><strong>tumultu</strong></span> 
     </span>
     <span class='ocr_line' id='line_1_11' title="bbox 146 1569 1267 1649; baseline 0.004 -21"><span class='ocrx_word' id='word_1_84' title='bbox 146 1570 246 1648; x_wconf 90' lang='lat' dir='ltr'><strong>ipsum</strong></span> <span class='ocrx_word' id='word_1_85' title='bbox 269 1570 440 1649; x_wconf 86' lang='lat' dir='ltr'><strong>provinciae</strong></span> <span class='ocrx_word' id='word_1_86' title='bbox 463 1576 553 1649; x_wconf 89' lang='lat' dir='ltr'><strong>caput</strong></span> <span class='ocrx_word' id='word_1_87' title='bbox 575 1571 733 1631; x_wconf 84' lang='lat' dir='ltr'><strong>excitatum</strong></span> <span class='ocrx_word' id='word_1_88' title='bbox 757 1576 812 1632; x_wconf 88' lang='lat' dir='ltr'><strong>est.</strong></span> <span class='ocrx_word' id='word_1_89' title='bbox 858 1570 916 1631; x_wconf 87' lang='lat' dir='ltr'><strong>Sed</strong></span> <span class='ocrx_word' id='word_1_90' title='bbox 938 1571 1127 1648; x_wconf 85' lang='lat' dir='ltr'><strong>imperatoris</strong></span> <span class='ocrx_word' id='word_1_91' title='bbox 1141 1569 1267 1632; x_wconf 88' lang='lat' dir='ltr'><strong>Romani</strong></span> 
     </span>
     <span class='ocr_line' id='line_1_12' title="bbox 146 1670 1266 1764; baseline 0.005 -36"><span class='ocrx_word' id='word_1_92' title='bbox 146 1670 299 1764; x_wconf 78' lang='lat' dir='ltr'><strong>vigilantia</strong></span> <span class='ocrx_word' id='word_1_93' title='bbox 321 1677 351 1732; x_wconf 90' lang='lat' dir='ltr'><strong>et</strong></span> <span class='ocrx_word' id='word_1_94' title='bbox 371 1670 539 1733; x_wconf 88' lang='lat' dir='ltr'><strong>incredibili</strong></span> <span class='ocrx_word' id='word_1_95' title='bbox 567 1671 718 1734; x_wconf 86' lang='lat' dir='ltr'><strong>celeritate</strong></span> <span class='ocrx_word' id='word_1_96' title='bbox 745 1675 785 1734; x_wconf 91' lang='lat' dir='ltr'><strong>ita</strong></span> <span class='ocrx_word' id='word_1_97' title='bbox 813 1679 876 1734; x_wconf 86' lang='lat' dir='ltr'><strong>tum</strong></span> <span class='ocrx_word' id='word_1_98' title='bbox 904 1670 1058 1750; x_wconf 88' lang='lat' dir='ltr'><strong>repulsum</strong></span> <span class='ocrx_word' id='word_1_99' title='bbox 1082 1679 1127 1734; x_wconf 88' lang='lat' dir='ltr'><strong>est</strong></span> <span class='ocrx_word' id='word_1_100' title='bbox 1147 1674 1266 1751; x_wconf 87' lang='lat' dir='ltr'><strong>pericu·</strong></span> 
     </span>
     <span class='ocr_line' id='line_1_13' title="bbox 147 1772 1266 1854; baseline 0.003 -21"><span class='ocrx_word' id='word_1_101' title='bbox 147 1772 220 1844; x_wconf 93' lang='lat' dir='ltr'><strong>lum,</strong></span> <span class='ocrx_word' id='word_1_102' title='bbox 245 1775 350 1854; x_wconf 91' lang='lat' dir='ltr'><strong>utqui</strong></span> <span class='ocrx_word' id='word_1_103' title='bbox 372 1774 405 1834; x_wconf 94' lang='lat' dir='ltr'><strong>in</strong></span> <span class='ocrx_word' id='word_1_104' title='bbox 427 1773 539 1835; x_wconf 88' lang='lat' dir='ltr'><strong>alienos</strong></span> <span class='ocrx_word' id='word_1_105' title='bbox 567 1774 640 1834; x_wconf 85' lang='lat' dir='ltr'><strong>fines</strong></span> <span class='ocrx_word' id='word_1_106' title='bbox 663 1773 773 1836; x_wconf 89' lang='lat' dir='ltr'><strong>bellum</strong></span> <span class='ocrx_word' id='word_1_107' title='bbox 796 1775 960 1836; x_wconf 78' lang='lat' dir='ltr'><strong>transferre</strong></span> <span class='ocrx_word' id='word_1_108' title='bbox 985 1774 1083 1835; x_wconf 89' lang='lat' dir='ltr'><strong>conati</strong></span> <span class='ocrx_word' id='word_1_109' title='bbox 1106 1780 1204 1844; x_wconf 86' lang='lat' dir='ltr'><strong>arant,</strong></span> <span class='ocrx_word' id='word_1_110' title='bbox 1228 1774 1266 1836; x_wconf 89' lang='lat' dir='ltr'><strong>de</strong></span> 
     </span>
     <span class='ocr_line' id='line_1_14' title="bbox 146 1872 1267 1956; baseline 0.002 -20"><span class='ocrx_word' id='word_1_111' title='bbox 146 1876 210 1936; x_wconf 91' lang='lat' dir='ltr'><strong>suis</strong></span> <span class='ocrx_word' id='word_1_112' title='bbox 231 1874 341 1937; x_wconf 87' lang='lat' dir='ltr'><strong>tinibus</strong></span> <span class='ocrx_word' id='word_1_113' title='bbox 363 1874 504 1936; x_wconf 88' lang='lat' dir='ltr'><strong>dimicare</strong></span> <span class='ocrx_word' id='word_1_114' title='bbox 528 1872 749 1956; x_wconf 79' lang='lat' dir='ltr'><strong>cogerentur.⁴)</strong></span> <span class='ocrx_word' id='word_1_115' title='bbox 793 1878 829 1938; x_wconf 82' lang='lat' dir='ltr'><strong>At</strong></span> <span class='ocrx_word' id='word_1_116' title='bbox 847 1877 967 1954; x_wconf 87' lang='lat' dir='ltr'><strong>gravius</strong></span> <span class='ocrx_word' id='word_1_117' title='bbox 983 1878 1072 1936; x_wconf 88' lang='lat' dir='ltr'><strong>etiam</strong></span> <span class='ocrx_word' id='word_1_118' title='bbox 1093 1875 1267 1938; x_wconf 78' lang='lat' dir='ltr'><strong>imminebat</strong></span> 
     </span>
     <span class='ocr_line' id='line_1_15' title="bbox 146 1977 1266 2057; baseline 0.003 -21"><span class='ocrx_word' id='word_1_119' title='bbox 146 1977 330 2057; x_wconf 88' lang='lat' dir='ltr'><strong>periculum,</strong></span> <span class='ocrx_word' id='word_1_120' title='bbox 359 1995 426 2039; x_wconf 93' lang='lat' dir='ltr'><strong>cnm</strong></span> <span class='ocrx_word' id='word_1_121' title='bbox 454 1983 523 2056; x_wconf 90' lang='lat' dir='ltr'><strong>post</strong></span> <span class='ocrx_word' id='word_1_122' title='bbox 544 1977 714 2040; x_wconf 79' lang='lat' dir='ltr'><strong>Aeduorum</strong></span> <span class='ocrx_word' id='word_1_123' title='bbox 744 1978 941 2051; x_wconf 79' lang='lat' dir='ltr'><strong>deiectionem</strong></span> <span class='ocrx_word' id='word_1_124' title='bbox 963 1979 1187 2056; x_wconf 85' lang='lat' dir='ltr'><strong>Vercingetorix</strong></span> <span class='ocrx_word' id='word_1_125' title='bbox 1210 1979 1266 2039; x_wconf 87' lang='lat' dir='ltr'><strong>Ga-</strong></span> 
     </span>
     <span class='ocr_line' id='line_1_16' title="bbox 146 2077 1266 2159; baseline 0 -18"><span class='ocrx_word' id='word_1_126' title='bbox 146 2077 231 2141; x_wconf 85' lang='lat' dir='ltr'><strong>balos</strong></span> <span class='ocrx_word' id='word_1_127' title='bbox 253 2081 462 2159; x_wconf 80' lang='lat' dir='ltr'><strong>Arvernosqne</strong></span> <span class='ocrx_word' id='word_1_128' title='bbox 484 2085 587 2142; x_wconf 90' lang='lat' dir='ltr'><strong>contra</strong></span> <span class='ocrx_word' id='word_1_129' title='bbox 609 2079 741 2149; x_wconf 70' lang='lat' dir='ltr'><strong>Helvios</strong></span> <span class='ocrx_word' id='word_1_130' title='bbox 770 2080 903 2140; x_wconf 88' lang='lat' dir='ltr'><strong>Rutenos</strong></span> <span class='ocrx_word' id='word_1_131' title='bbox 926 2079 1135 2156; x_wconf 85' lang='lat' dir='ltr'><strong>Cadurcosque</strong></span> <span class='ocrx_word' id='word_1_132' title='bbox 1156 2081 1266 2141; x_wconf 87' lang='lat' dir='ltr'><strong>iterum</strong></span> 
     </span>
     <span class='ocr_line' id='line_1_17' title="bbox 146 2180 1266 2259; baseline 0 -18"><span class='ocrx_word' id='word_1_133' title='bbox 146 2188 252 2243; x_wconf 86' lang='lat' dir='ltr'><strong>contra</strong></span> <span class='ocrx_word' id='word_1_134' title='bbox 285 2181 405 2252; x_wconf 87' lang='lat' dir='ltr'><strong>Volcas,</strong></span> <span class='ocrx_word' id='word_1_135' title='bbox 446 2180 565 2242; x_wconf 81' lang='lat' dir='ltr'><strong>Aeduos</strong></span> <span class='ocrx_word' id='word_1_136' title='bbox 605 2189 709 2242; x_wconf 88' lang='lat' dir='ltr'><strong>contra</strong></span> <span class='ocrx_word' id='word_1_137' title='bbox 741 2181 915 2259; x_wconf 82' lang='lat' dir='ltr'><strong>Allobroges</strong></span> <span class='ocrx_word' id='word_1_138' title='bbox 953 2182 1084 2242; x_wconf 89' lang='lat' dir='ltr'><strong>mitteret</strong></span> <span class='ocrx_word' id='word_1_139' title='bbox 1117 2180 1266 2258; x_wconf 88' lang='lat' dir='ltr'><strong>simulque</strong></span> 
     </span>
     <span class='ocr_line' id='line_1_18' title="bbox 142 2281 1266 2364; baseline 0 -20"><span class='ocrx_word' id='word_1_140' title='bbox 142 2285 299 2364; x_wconf 85' lang='lat' dir='ltr'><strong>principos</strong></span> <span class='ocrx_word' id='word_1_141' title='bbox 325 2282 518 2362; x_wconf 81' lang='lat' dir='ltr'><strong>Allobrogum</strong></span> <span class='ocrx_word' id='word_1_142' title='bbox 549 2281 584 2345; x_wconf 90' lang='lat' dir='ltr'><strong>ad</strong></span> <span class='ocrx_word' id='word_1_143' title='bbox 613 2283 810 2346; x_wconf 83' lang='lat' dir='ltr'><strong>deiectionem</strong></span> <span class='ocrx_word' id='word_1_144' title='bbox 837 2283 1018 2346; x_wconf 87' lang='lat' dir='ltr'><strong>sollicitaret.</strong></span> <span class='ocrx_word' id='word_1_145' title='bbox 1064 2283 1139 2344; x_wconf 89' lang='lat' dir='ltr'><strong>Vicit</strong></span> <span class='ocrx_word' id='word_1_146' title='bbox 1167 2289 1266 2345; x_wconf 87' lang='lat' dir='ltr'><strong>tamen</strong></span> 
     </span>
     <span class='ocr_line' id='line_1_19' title="bbox 141 2383 1266 2465; baseline 0.001 -20"><span class='ocrx_word' id='word_1_147' title='bbox 141 2387 204 2446; x_wconf 90' lang='lat' dir='ltr'><strong>iam</strong></span> <span class='ocrx_word' id='word_1_148' title='bbox 232 2387 427 2448; x_wconf 88' lang='lat' dir='ltr'><strong>tentationem</strong></span> <span class='ocrx_word' id='word_1_149' title='bbox 457 2384 609 2448; x_wconf 89' lang='lat' dir='ltr'><strong>Gallorum</strong></span> <span class='ocrx_word' id='word_1_150' title='bbox 641 2385 866 2465; x_wconf 84' lang='lat' dir='ltr'><strong>provincialium</strong></span> <span class='ocrx_word' id='word_1_151' title='bbox 900 2385 973 2447; x_wconf 87' lang='lat' dir='ltr'><strong>fides</strong></span> <span class='ocrx_word' id='word_1_152' title='bbox 1000 2391 1088 2462; x_wconf 85' lang='lat' dir='ltr'><strong>atque</strong></span> <span class='ocrx_word' id='word_1_153' title='bbox 1117 2391 1146 2445; x_wconf 87' lang='lat' dir='ltr'><strong>et</strong></span> <span class='ocrx_word' id='word_1_154' title='bbox 1172 2383 1266 2446; x_wconf 78' lang='lat' dir='ltr'><strong>Aedui</strong></span> 
     </span>
     <span class='ocr_line' id='line_1_20' title="bbox 134 2485 1265 2568; baseline 0 -19"><span class='ocrx_word' id='word_1_155' title='bbox 134 2496 200 2549; x_wconf 64' lang='lat' dir='ltr'><strong>¹suu</strong></span> <span class='ocrx_word' id='word_1_156' title='bbox 224 2495 331 2568; x_wconf 90' lang='lat' dir='ltr'><strong>sponte</strong></span> <span class='ocrx_word' id='word_1_157' title='bbox 354 2507 423 2549; x_wconf 91' lang='lat' dir='ltr'><strong>cum</strong></span> <span class='ocrx_word' id='word_1_158' title='bbox 446 2488 578 2550; x_wconf 85' lang='lat' dir='ltr'><strong>finitimis</strong></span> <span class='ocrx_word' id='word_1_159' title='bbox 594 2490 757 2566; x_wconf 87' lang='lat' dir='ltr'><strong>congressi,</strong></span> <span class='ocrx_word' id='word_1_160' title='bbox 781 2505 960 2568; x_wconf 85' lang='lat' dir='ltr'><strong>quamquam</strong></span> <span class='ocrx_word' id='word_1_161' title='bbox 981 2485 1130 2549; x_wconf 76' lang='lat' dir='ltr'><strong>infelicius</strong></span> <span class='ocrx_word' id='word_1_162' title='bbox 1152 2503 1265 2566; x_wconf 86' lang='lat' dir='ltr'><strong>pugna·</strong></span> 
     </span>
    </p>
   </div>
   <div class='ocr_carea' id='block_1_3' title="bbox 139 2568 1266 2856">
    <p class='ocr_par' dir='ltr' id='par_1_3' title="bbox 139 2568 1266 2856">
     <span class='ocr_line' id='line_1_21' title="bbox 139 2568 1266 2670; baseline 0 -20"><span class='ocrx_word' id='word_1_163' title='bbox 139 2568 226 2659; x_wconf 65' lang='lat' dir='ltr'><strong>lunt,</strong></span> <span class='ocrx_word' id='word_1_164' title='bbox 252 2589 359 2670; x_wconf 88' lang='lat' dir='ltr'><strong>oppida</strong></span> <span class='ocrx_word' id='word_1_165' title='bbox 382 2589 487 2651; x_wconf 86' lang='lat' dir='ltr'><strong>saltem</strong></span> <span class='ocrx_word' id='word_1_166' title='bbox 510 2609 562 2651; x_wconf 89' lang='lat' dir='ltr'><strong>sna</strong></span> <span class='ocrx_word' id='word_1_167' title='bbox 585 2589 799 2658; x_wconf 81' lang='lat' dir='ltr'><strong>defenderunt,</strong></span> <span class='ocrx_word' id='word_1_168' title='bbox 823 2597 853 2650; x_wconf 89' lang='lat' dir='ltr'><strong>et</strong></span> <span class='ocrx_word' id='word_1_169' title='bbox 874 2587 1048 2667; x_wconf 75' lang='lat' dir='ltr'><strong>Allobroges</strong></span> <span class='ocrx_word' id='word_1_170' title='bbox 1070 2606 1175 2668; x_wconf 88' lang='lat' dir='ltr'><strong>magna</strong></span> <span class='ocrx_word' id='word_1_171' title='bbox 1199 2607 1266 2650; x_wconf 93' lang='lat' dir='ltr'><strong>cum</strong></span> 
     </span>
     <span class='ocr_line' id='line_1_22' title="bbox 142 2688 1265 2770; baseline -0.001 -18"><span class='ocrx_word' id='word_1_172' title='bbox 142 2691 299 2770; x_wconf 85' lang='lat' dir='ltr'><strong>diligentia</strong></span> <span class='ocrx_word' id='word_1_173' title='bbox 320 2694 396 2752; x_wconf 87' lang='lat' dir='ltr'><strong>fines</strong></span> <span class='ocrx_word' id='word_1_174' title='bbox 419 2711 490 2752; x_wconf 90' lang='lat' dir='ltr'><strong>suos</strong></span> <span class='ocrx_word' id='word_1_175' title='bbox 512 2699 615 2753; x_wconf 85' lang='lat' dir='ltr'><strong>contra</strong></span> <span class='ocrx_word' id='word_1_176' title='bbox 637 2691 755 2752; x_wconf 78' lang='lat' dir='ltr'><strong>Aeduos</strong></span> <span class='ocrx_word' id='word_1_177' title='bbox 782 2688 1046 2770; x_wconf 77' lang='lat' dir='ltr'><strong>custodiverunc,⁵)</strong></span> <span class='ocrx_word' id='word_1_178' title='bbox 1090 2691 1176 2763; x_wconf 83' lang='lat' dir='ltr'><strong>Quod</strong></span> <span class='ocrx_word' id='word_1_179' title='bbox 1193 2708 1265 2752; x_wconf 88' lang='lat' dir='ltr'><strong>vero</strong></span> 
     </span>
     <span class='ocr_line' id='line_1_23' title="bbox 143 2791 1264 2856; baseline 0 -2"><span class='ocrx_word' id='word_1_180' title='bbox 143 2791 294 2856; x_wconf 85' lang='lat' dir='ltr'><strong>Salluvios</strong></span> <span class='ocrx_word' id='word_1_181' title='bbox 317 2793 396 2855; x_wconf 91' lang='lat' dir='ltr'><strong>bello</strong></span> <span class='ocrx_word' id='word_1_182' title='bbox 419 2813 435 2854; x_wconf 88' lang='lat' dir='ltr'><strong>a</strong></span> <span class='ocrx_word' id='word_1_183' title='bbox 458 2812 491 2854; x_wconf 88' lang='lat' dir='ltr'><strong>se</strong></span> <span class='ocrx_word' id='word_1_184' title='bbox 514 2795 606 2855; x_wconf 87' lang='lat' dir='ltr'><strong>victos</strong></span> <span class='ocrx_word' id='word_1_185' title='bbox 629 2800 658 2853; x_wconf 89' lang='lat' dir='ltr'><strong>et</strong></span> <span class='ocrx_word' id='word_1_186' title='bbox 673 2792 907 2854; x_wconf 86' lang='lat' dir='ltr'><strong>Massiliensibus</strong></span> <span class='ocrx_word' id='word_1_187' title='bbox 929 2792 1087 2854; x_wconf 88' lang='lat' dir='ltr'><strong>attributos</strong></span> <span class='ocrx_word' id='word_1_188' title='bbox 1110 2810 1178 2852; x_wconf 86' lang='lat' dir='ltr'><strong>esse</strong></span> <span class='ocrx_word' id='word_1_189' title='bbox 1194 2793 1264 2854; x_wconf 84' lang='lat' dir='ltr'><strong>Cae·</strong></span> 
     </span>
    </p>
   </div>
   <div class='ocr_carea' id='block_1_4' title="bbox 140 2891 1286 3789">
    <p class='ocr_par' dir='ltr' id='par_1_4' title="bbox 140 2891 1286 3789">
     <span class='ocr_line' id='line_1_24' title="bbox 143 2891 1264 2973; baseline -0.002 -17"><span class='ocrx_word' id='word_1_190' title='bbox 143 2914 196 2957; x_wconf 86' lang='lat' dir='ltr'><strong>sar</strong></span> <span class='ocrx_word' id='word_1_191' title='bbox 218 2895 316 2956; x_wconf 88' lang='lat' dir='ltr'><strong>obiter</strong></span> <span class='ocrx_word' id='word_1_192' title='bbox 339 2891 598 2973; x_wconf 66' lang='lat' dir='ltr'><strong>commemorati),</strong></span> <span class='ocrx_word' id='word_1_193' title='bbox 627 2895 657 2954; x_wconf 93' lang='lat' dir='ltr'><strong>id</strong></span> <span class='ocrx_word' id='word_1_194' title='bbox 686 2894 796 2956; x_wconf 90' lang='lat' dir='ltr'><strong>bellum</strong></span> <span class='ocrx_word' id='word_1_195' title='bbox 827 2893 901 2955; x_wconf 92' lang='lat' dir='ltr'><strong>nihil</strong></span> <span class='ocrx_word' id='word_1_196' title='bbox 923 2891 1001 2954; x_wconf 89' lang='lat' dir='ltr'><strong>aliud</strong></span> <span class='ocrx_word' id='word_1_197' title='bbox 1025 2894 1141 2955; x_wconf 88' lang='lat' dir='ltr'><strong>videtur</strong></span> <span class='ocrx_word' id='word_1_198' title='bbox 1162 2895 1264 2963; x_wconf 85' lang='lat' dir='ltr'><strong>luisse,</strong></span> 
     </span>
     <span class='ocr_line' id='line_1_25' title="bbox 142 2994 1286 3087; baseline -0.002 -29"><span class='ocrx_word' id='word_1_199' title='bbox 142 3016 235 3079; x_wconf 87' lang='lat' dir='ltr'><strong>quam</strong></span> <span class='ocrx_word' id='word_1_200' title='bbox 259 3016 318 3059; x_wconf 89' lang='lat' dir='ltr'><strong>una</strong></span> <span class='ocrx_word' id='word_1_201' title='bbox 342 3015 378 3058; x_wconf 81' lang='lat' dir='ltr'><strong>en</strong></span> <span class='ocrx_word' id='word_1_202' title='bbox 400 2997 459 3058; x_wconf 88' lang='lat' dir='ltr'><strong>illis</strong></span> <span class='ocrx_word' id='word_1_203' title='bbox 483 2995 735 3076; x_wconf 84' lang='lat' dir='ltr'><strong>expeditionibus,</strong></span> <span class='ocrx_word' id='word_1_204' title='bbox 766 3013 839 3073; x_wconf 87' lang='lat' dir='ltr'><strong>quas</strong></span> <span class='ocrx_word' id='word_1_205' title='bbox 868 3001 969 3056; x_wconf 86' lang='lat' dir='ltr'><strong>contra</strong></span> <span class='ocrx_word' id='word_1_206' title='bbox 998 2994 1129 3056; x_wconf 88' lang='lat' dir='ltr'><strong>latrones</strong></span> <span class='ocrx_word' id='word_1_207' title='bbox 1151 3003 1286 3087; x_wconf 31' lang='lat' dir='ltr'><strong>monta-⁶</strong></span> 
     </span>
     <span class='ocr_line' id='line_1_26' title="bbox 142 3082 1263 3178; baseline -0.002 -18"><span class='ocrx_word' id='word_1_208' title='bbox 142 3118 201 3160; x_wconf 92' lang='lat' dir='ltr'><strong>nos</strong></span> <span class='ocrx_word' id='word_1_209' title='bbox 228 3098 371 3160; x_wconf 87' lang='lat' dir='ltr'><strong>Romanis</strong></span> <span class='ocrx_word' id='word_1_210' title='bbox 399 3116 518 3178; x_wconf 89' lang='lat' dir='ltr'><strong>qnoque</strong></span> <span class='ocrx_word' id='word_1_211' title='bbox 547 3099 690 3158; x_wconf 89' lang='lat' dir='ltr'><strong>continuo</strong></span> <span class='ocrx_word' id='word_1_212' title='bbox 712 3097 859 3177; x_wconf 87' lang='lat' dir='ltr'><strong>gerendas</strong></span> <span class='ocrx_word' id='word_1_213' title='bbox 887 3098 979 3157; x_wconf 86' lang='lat' dir='ltr'><strong>inisse</strong></span> <span class='ocrx_word' id='word_1_214' title='bbox 1008 3082 1263 3176; x_wconf 63' lang='lat' dir='ltr'><strong>supra&#39;vidimus.</strong></span> 
     </span>
     <span class='ocr_line' id='line_1_27' title="bbox 142 3197 1263 3277; baseline -0.004 -15"><span class='ocrx_word' id='word_1_215' title='bbox 142 3202 241 3274; x_wconf 87' lang='lat' dir='ltr'><strong>Quam</strong></span> <span class='ocrx_word' id='word_1_216' title='bbox 265 3200 304 3260; x_wconf 92' lang='lat' dir='ltr'><strong>ob</strong></span> <span class='ocrx_word' id='word_1_217' title='bbox 327 3220 392 3262; x_wconf 89' lang='lat' dir='ltr'><strong>rem</strong></span> <span class='ocrx_word' id='word_1_218' title='bbox 414 3219 475 3261; x_wconf 89' lang='lat' dir='ltr'><strong>non</strong></span> <span class='ocrx_word' id='word_1_219' title='bbox 498 3201 606 3261; x_wconf 90' lang='lat' dir='ltr'><strong>mirum</strong></span> <span class='ocrx_word' id='word_1_220' title='bbox 630 3208 688 3270; x_wconf 89' lang='lat' dir='ltr'><strong>est,</strong></span> <span class='ocrx_word' id='word_1_221' title='bbox 718 3199 798 3277; x_wconf 91' lang='lat' dir='ltr'><strong>qnod</strong></span> <span class='ocrx_word' id='word_1_222' title='bbox 825 3200 978 3261; x_wconf 89' lang='lat' dir='ltr'><strong>rarissime</strong></span> <span class='ocrx_word' id='word_1_223' title='bbox 1002 3205 1115 3260; x_wconf 86' lang='lat' dir='ltr'><strong>tantum</strong></span> <span class='ocrx_word' id='word_1_224' title='bbox 1137 3199 1168 3258; x_wconf 93' lang='lat' dir='ltr'><strong>in</strong></span> <span class='ocrx_word' id='word_1_225' title='bbox 1191 3197 1263 3258; x_wconf 86' lang='lat' dir='ltr'><strong>Cae·</strong></span> 
     </span>
     <span class='ocr_line' id='line_1_28' title="bbox 142 3300 1266 3382; baseline -0.001 -19"><span class='ocrx_word' id='word_1_226' title='bbox 142 3303 223 3363; x_wconf 87' lang='lat' dir='ltr'><strong>saris</strong></span> <span class='ocrx_word' id='word_1_227' title='bbox 250 3302 288 3362; x_wconf 88' lang='lat' dir='ltr'><strong>de</strong></span> <span class='ocrx_word' id='word_1_228' title='bbox 317 3301 395 3363; x_wconf 89' lang='lat' dir='ltr'><strong>bello</strong></span> <span class='ocrx_word' id='word_1_229' title='bbox 418 3301 529 3364; x_wconf 88' lang='lat' dir='ltr'><strong>Gallico</strong></span> <span class='ocrx_word' id='word_1_230' title='bbox 558 3301 779 3364; x_wconf 85' lang='lat' dir='ltr'><strong>commentariis</strong></span> <span class='ocrx_word' id='word_1_231' title='bbox 806 3302 975 3382; x_wconf 85' lang='lat' dir='ltr'><strong>provinciae</strong></span> <span class='ocrx_word' id='word_1_232' title='bbox 1003 3300 1206 3362; x_wconf 88' lang='lat' dir='ltr'><strong>Narbonensis</strong></span> <span class='ocrx_word' id='word_1_233' title='bbox 1233 3301 1266 3362; x_wconf 86' lang='lat' dir='ltr'><strong>lit</strong></span> 
     </span>
     <span class='ocr_line' id='line_1_29' title="bbox 141 3401 1265 3483; baseline -0.004 -17"><span class='ocrx_word' id='word_1_234' title='bbox 141 3405 268 3473; x_wconf 88' lang='lat' dir='ltr'><strong>mentio,</strong></span> <span class='ocrx_word' id='word_1_235' title='bbox 294 3411 382 3483; x_wconf 88' lang='lat' dir='ltr'><strong>atque</strong></span> <span class='ocrx_word' id='word_1_236' title='bbox 405 3423 473 3466; x_wconf 87' lang='lat' dir='ltr'><strong>cum</strong></span> <span class='ocrx_word' id='word_1_237' title='bbox 495 3403 533 3466; x_wconf 88' lang='lat' dir='ltr'><strong>ob</strong></span> <span class='ocrx_word' id='word_1_238' title='bbox 557 3403 627 3464; x_wconf 86' lang='lat' dir='ltr'><strong>alias</strong></span> <span class='ocrx_word' id='word_1_239' title='bbox 649 3404 780 3464; x_wconf 89' lang='lat' dir='ltr'><strong>rationes</strong></span> <span class='ocrx_word' id='word_1_240' title='bbox 803 3402 962 3465; x_wconf 86' lang='lat' dir='ltr'><strong>verisimile</strong></span> <span class='ocrx_word' id='word_1_241' title='bbox 986 3403 1039 3472; x_wconf 90' lang='lat' dir='ltr'><strong>sit,</strong></span> <span class='ocrx_word' id='word_1_242' title='bbox 1063 3408 1131 3463; x_wconf 88' lang='lat' dir='ltr'><strong>ante</strong></span> <span class='ocrx_word' id='word_1_243' title='bbox 1153 3401 1265 3463; x_wconf 87' lang='lat' dir='ltr'><strong>bellum</strong></span> 
     </span>
     <span class='ocr_line' id='line_1_30' title="bbox 141 3503 1264 3586; baseline 0.002 -20"><span class='ocrx_word' id='word_1_244' title='bbox 141 3504 231 3566; x_wconf 86' lang='lat' dir='ltr'><strong>civile</strong></span> <span class='ocrx_word' id='word_1_245' title='bbox 253 3506 284 3565; x_wconf 92' lang='lat' dir='ltr'><strong>in</strong></span> <span class='ocrx_word' id='word_1_246' title='bbox 308 3504 396 3568; x_wconf 92' lang='lat' dir='ltr'><strong>huius</strong></span> <span class='ocrx_word' id='word_1_247' title='bbox 418 3508 588 3586; x_wconf 84' lang='lat' dir='ltr'><strong>provinciae</strong></span> <span class='ocrx_word' id='word_1_248' title='bbox 611 3503 784 3566; x_wconf 86' lang='lat' dir='ltr'><strong>condicione</strong></span> <span class='ocrx_word' id='word_1_249' title='bbox 811 3503 885 3566; x_wconf 91' lang='lat' dir='ltr'><strong>nibil</strong></span> <span class='ocrx_word' id='word_1_250' title='bbox 912 3522 978 3566; x_wconf 86' lang='lat' dir='ltr'><strong>esse</strong></span> <span class='ocrx_word' id='word_1_251' title='bbox 1001 3510 1160 3573; x_wconf 88' lang='lat' dir='ltr'><strong>mutatum,</strong></span> <span class='ocrx_word' id='word_1_252' title='bbox 1184 3523 1264 3568; x_wconf 88' lang='lat' dir='ltr'><strong>com·</strong></span> 
     </span>
     <span class='ocr_line' id='line_1_31' title="bbox 141 3603 1262 3684; baseline -0.002 -16"><span class='ocrx_word' id='word_1_253' title='bbox 141 3608 287 3668; x_wconf 76' lang='lat' dir='ltr'><strong>moniarii</strong></span> <span class='ocrx_word' id='word_1_254' title='bbox 309 3616 408 3669; x_wconf 86' lang='lat' dir='ltr'><strong>autem</strong></span> <span class='ocrx_word' id='word_1_255' title='bbox 435 3607 478 3668; x_wconf 89' lang='lat' dir='ltr'><strong>illi</strong></span> <span class='ocrx_word' id='word_1_256' title='bbox 506 3610 569 3670; x_wconf 89' lang='lat' dir='ltr'><strong>sine</strong></span> <span class='ocrx_word' id='word_1_257' title='bbox 599 3607 689 3668; x_wconf 92' lang='lat' dir='ltr'><strong>dubio</strong></span> <span class='ocrx_word' id='word_1_258' title='bbox 717 3625 794 3668; x_wconf 86' lang='lat' dir='ltr'><strong>anno</strong></span> <span class='ocrx_word' id='word_1_259' title='bbox 818 3613 855 3674; x_wconf 86' lang='lat'><strong>51</strong></span> <span class='ocrx_word' id='word_1_260' title='bbox 881 3625 897 3667; x_wconf 88' lang='lat' dir='ltr'><strong>a</strong></span> <span class='ocrx_word' id='word_1_261' title='bbox 920 3606 1046 3667; x_wconf 84' lang='lat' dir='ltr'><strong>Caesare</strong></span> <span class='ocrx_word' id='word_1_262' title='bbox 1069 3608 1128 3668; x_wconf 88' lang='lat' dir='ltr'><strong>sint</strong></span> <span class='ocrx_word' id='word_1_263' title='bbox 1151 3605 1222 3666; x_wconf 88' lang='lat' dir='ltr'><strong>editi</strong></span> <span class='ocrx_word' id='word_1_264' title='bbox 1230 3603 1262 3684; x_wconf 87' lang='lat'><strong>⁷),</strong></span> 
     </span>
     <span class='ocr_line' id='line_1_32' title="bbox 140 3707 1264 3789; baseline -0.004 -17"><span class='ocrx_word' id='word_1_265' title='bbox 140 3709 231 3772; x_wconf 87' lang='lat' dir='ltr'><strong>iacile</strong></span> <span class='ocrx_word' id='word_1_266' title='bbox 255 3708 426 3788; x_wconf 83' lang='lat' dir='ltr'><strong>intellegas,</strong></span> <span class='ocrx_word' id='word_1_267' title='bbox 450 3710 598 3789; x_wconf 86' lang='lat' dir='ltr'><strong>quomodo</strong></span> <span class='ocrx_word' id='word_1_268' title='bbox 620 3710 683 3778; x_wconf 85' lang='lat' dir='ltr'><strong>dat,</strong></span> <span class='ocrx_word' id='word_1_269' title='bbox 699 3739 701 3744; x_wconf 83' lang='lat'><em>.</em></span> <span class='ocrx_word' id='word_1_270' title='bbox 715 3715 747 3769; x_wconf 90' lang='lat' dir='ltr'><strong>ut</strong></span> <span class='ocrx_word' id='word_1_271' title='bbox 771 3727 809 3769; x_wconf 89' lang='lat' dir='ltr'><strong>ne</strong></span> <span class='ocrx_word' id='word_1_272' title='bbox 838 3708 875 3769; x_wconf 91' lang='lat' dir='ltr'><strong>de</strong></span> <span class='ocrx_word' id='word_1_273' title='bbox 897 3708 989 3772; x_wconf 88' lang='lat' dir='ltr'><strong>rebus</strong></span> <span class='ocrx_word' id='word_1_274' title='bbox 1011 3708 1131 3788; x_wconf 87' lang='lat' dir='ltr'><strong>quidem</strong></span> <span class='ocrx_word' id='word_1_275' title='bbox 1155 3729 1170 3771; x_wconf 90' lang='lat' dir='ltr'><strong>a</strong></span> <span class='ocrx_word' id='word_1_276' title='bbox 1192 3707 1264 3770; x_wconf 86' lang='lat' dir='ltr'><strong>Cae-</strong></span> 
     </span>
    </p>
   </div>
   <div class='ocr_carea' id='block_1_5' title="bbox 142 3847 452 3858">
    <p class='ocr_par' dir='ltr' id='par_1_5' title="bbox 142 3847 452 3858">
     <span class='ocr_line' id='line_1_33' title="bbox 142 3847 452 3858; baseline -0.006 0"><span class='ocrx_word' id='word_1_277' title='bbox 142 3847 307 3858; x_wconf 66' lang='lat'><em>‚.......-.........</em></span> <span class='ocrx_word' id='word_1_278' title='bbox 322 3849 327 3854; x_wconf 87' lang='lat'><em>-</em></span> <span class='ocrx_word' id='word_1_279' title='bbox 337 3849 452 3856; x_wconf 56' lang='lat' dir='ltr'><strong>-m</strong></span> 
     </span>
    </p>
   </div>
   <div class='ocr_carea' id='block_1_6' title="bbox 139 3928 1264 4334">
    <p class='ocr_par' dir='ltr' id='par_1_6' title="bbox 212 3928 574 3995">
     <span class='ocr_line' id='line_1_34' title="bbox 212 3928 574 3995; baseline 0 -16"><span class='ocrx_word' id='word_1_280' title='bbox 212 3929 240 3993; x_wconf 82' lang='lat'><strong>4)</strong></span> <span class='ocrx_word' id='word_1_281' title='bbox 261 3928 343 3980; x_wconf 80' lang='lat' dir='ltr'><strong>Caes.</strong></span> <span class='ocrx_word' id='word_1_282' title='bbox 361 3929 389 3980; x_wconf 91' lang='lat' dir='ltr'><strong>b.</strong></span> <span class='ocrx_word' id='word_1_283' title='bbox 409 3946 434 3995; x_wconf 82' lang='lat' dir='ltr'><strong>g.</strong></span> <span class='ocrx_word' id='word_1_284' title='bbox 455 3929 478 3992; x_wconf 82' lang='lat' dir='ltr'><strong>l,</strong></span> <span class='ocrx_word' id='word_1_285' title='bbox 499 3931 514 3980; x_wconf 85' lang='lat' dir='ltr'><strong>&#39;l</strong></span> <span class='ocrx_word' id='word_1_286' title='bbox 532 3943 574 3994; x_wconf 63' lang='lat' dir='ltr'><strong>sq,</strong></span> 
     </span>
    </p>

    <p class='ocr_par' dir='ltr' id='par_1_7' title="bbox 214 4012 545 4078">
     <span class='ocr_line' id='line_1_35' title="bbox 214 4012 545 4078; baseline -0.003 -14"><span class='ocrx_word' id='word_1_287' title='bbox 214 4012 240 4077; x_wconf 80' lang='grc' dir='ltr'><strong>ὅ)</strong></span> <span class='ocrx_word' id='word_1_288' title='bbox 259 4014 329 4064; x_wconf 88' lang='lat' dir='ltr'><strong>Ibid.</strong></span> <span class='ocrx_word' id='word_1_289' title='bbox 348 4015 372 4076; x_wconf 78' lang='lat'><strong>7,</strong></span> <span class='ocrx_word' id='word_1_290' title='bbox 392 4014 425 4062; x_wconf 88' lang='grc'><strong>64</strong></span> <span class='ocrx_word' id='word_1_291' title='bbox 442 4028 482 4078; x_wconf 86' lang='lat' dir='ltr'><strong>sq.</strong></span> <span class='ocrx_word' id='word_1_292' title='bbox 534 4064 545 4074; x_wconf 33' lang='grc'><em>1</em></span> 
     </span>
    </p>

    <p class='ocr_par' dir='ltr' id='par_1_8' title="bbox 139 4096 1264 4334">
     <span class='ocr_line' id='line_1_36' title="bbox 212 4096 1263 4164; baseline 0 -18"><span class='ocrx_word' id='word_1_293' title='bbox 212 4097 240 4162; x_wconf 90' lang='grc'><strong>6)</strong></span> <span class='ocrx_word' id='word_1_294' title='bbox 261 4097 343 4150; x_wconf 79' lang='lat' dir='ltr'><strong>Caes.</strong></span> <span class='ocrx_word' id='word_1_295' title='bbox 361 4096 395 4146; x_wconf 85' lang='lat' dir='ltr'><strong>de</strong></span> <span class='ocrx_word' id='word_1_296' title='bbox 415 4096 478 4148; x_wconf 86' lang='lat' dir='ltr'><strong>bell.</strong></span> <span class='ocrx_word' id='word_1_297' title='bbox 493 4097 546 4150; x_wconf 86' lang='lat' dir='ltr'><strong>civ.</strong></span> <span class='ocrx_word' id='word_1_298' title='bbox 565 4099 587 4156; x_wconf 92' lang='lat'><strong>1,</strong></span> <span class='ocrx_word' id='word_1_299' title='bbox 601 4099 643 4162; x_wconf 82' lang='lat'><strong>35,</strong></span> <span class='ocrx_word' id='word_1_300' title='bbox 663 4099 688 4150; x_wconf 85' lang='lat' dir='ltr'><strong>si</strong></span> <span class='ocrx_word' id='word_1_301' title='bbox 707 4097 815 4164; x_wconf 88' lang='lat' dir='ltr'><strong>quidem</strong></span> <span class='ocrx_word' id='word_1_302' title='bbox 833 4114 881 4164; x_wconf 90' lang='lat' dir='ltr'><strong>pro</strong></span> <span class='ocrx_word' id='word_1_303' title='bbox 900 4097 1021 4149; x_wconf 84' lang='lat' dir='ltr'><strong>lectione</strong></span> <span class='ocrx_word' id='word_1_304' title='bbox 1041 4096 1180 4148; x_wconf 87' lang='lat' dir='ltr'><strong>codicum:</strong></span> <span class='ocrx_word' id='word_1_305' title='bbox 1199 4096 1263 4146; x_wconf 84' lang='lat' dir='ltr'><strong>bello</strong></span> 
     </span>
     <span class='ocr_line' id='line_1_37' title="bbox 139 4180 1264 4248; baseline -0.005 -14"><span class='ocrx_word' id='word_1_306' title='bbox 139 4185 225 4234; x_wconf 79' lang='lat' dir='ltr'><strong>victus</strong></span> <span class='ocrx_word' id='word_1_307' title='bbox 244 4183 341 4232; x_wconf 81' lang='lat' dir='ltr'><strong>Gallias</strong></span> <span class='ocrx_word' id='word_1_308' title='bbox 358 4180 506 4248; x_wconf 84' lang='lat' dir='ltr'><strong>legendum</strong></span> <span class='ocrx_word' id='word_1_309' title='bbox 529 4188 571 4234; x_wconf 83' lang='lat' dir='ltr'><strong>est</strong></span> <span class='ocrx_word' id='word_1_310' title='bbox 593 4184 658 4234; x_wconf 86' lang='lat' dir='ltr'><strong>bello</strong></span> <span class='ocrx_word' id='word_1_311' title='bbox 674 4185 753 4234; x_wconf 79' lang='lat' dir='ltr'><strong>uictos</strong></span> <span class='ocrx_word' id='word_1_312' title='bbox 770 4182 886 4248; x_wconf 73' lang='lat' dir='ltr'><strong>Sallyas,</strong></span> <span class='ocrx_word' id='word_1_313' title='bbox 911 4197 993 4247; x_wconf 83' lang='lat' dir='ltr'><strong>quam</strong></span> <span class='ocrx_word' id='word_1_314' title='bbox 1016 4180 1179 4246; x_wconf 82' lang='lat' dir='ltr'><strong>Glandorpii</strong></span> <span class='ocrx_word' id='word_1_315' title='bbox 1198 4195 1264 4229; x_wconf 90' lang='lat' dir='ltr'><strong>con-</strong></span> 
     </span>
     <span class='ocr_line' id='line_1_38' title="bbox 139 4266 923 4334; baseline 0.004 -17"><span class='ocrx_word' id='word_1_316' title='bbox 139 4270 280 4318; x_wconf 83' lang='lat' dir='ltr'><strong>iecturam</strong></span> <span class='ocrx_word' id='word_1_317' title='bbox 297 4271 374 4317; x_wconf 86' lang='lat' dir='ltr'><strong>recte</strong></span> <span class='ocrx_word' id='word_1_318' title='bbox 392 4267 531 4334; x_wconf 83' lang='lat' dir='ltr'><strong>recepisse</strong></span> <span class='ocrx_word' id='word_1_319' title='bbox 548 4267 616 4318; x_wconf 87' lang='lat' dir='ltr'><strong>mihi</strong></span> <span class='ocrx_word' id='word_1_320' title='bbox 632 4266 742 4318; x_wconf 83' lang='lat' dir='ltr'><strong>videtur</strong></span> <span class='ocrx_word' id='word_1_321' title='bbox 757 4268 923 4332; x_wconf 81' lang='lat' dir='ltr'><strong>Nipperdey.</strong></span> 
     </span>
    </p>
   </div>
   <div class='ocr_carea' id='block_1_7' title="bbox 214 4347 1369 4430">
    <p class='ocr_par' dir='ltr' id='par_1_9' title="bbox 214 4347 1369 4430">
     <span class='ocr_line' id='line_1_39' title="bbox 214 4347 1369 4430; baseline -0.003 -29"><span class='ocrx_word' id='word_1_322' title='bbox 214 4351 240 4414; x_wconf 77' lang='lat'><strong>7)</strong></span> <span class='ocrx_word' id='word_1_323' title='bbox 260 4351 316 4402; x_wconf 84' lang='lat' dir='ltr'><strong>Cfr.</strong></span> <span class='ocrx_word' id='word_1_324' title='bbox 335 4352 498 4417; x_wconf 86' lang='lat' dir='ltr'><strong>Mommsen,</strong></span> <span class='ocrx_word' id='word_1_325' title='bbox 518 4353 612 4406; x_wconf 87' lang='lat' dir='ltr'><strong>Roem.</strong></span> <span class='ocrx_word' id='word_1_326' title='bbox 626 4351 725 4405; x_wconf 83' lang='lat' dir='ltr'><strong>Gsscb.</strong></span> <span class='ocrx_word' id='word_1_327' title='bbox 738 4355 764 4416; x_wconf 84' lang='lat'><strong>3,-</strong></span> <span class='ocrx_word' id='word_1_328' title='bbox 776 4352 826 4401; x_wconf 81' lang='grc'><strong>694</strong></span> <span class='ocrx_word' id='word_1_329' title='bbox 838 4355 907 4414; x_wconf 85' lang='lat' dir='ltr'><strong>not.;</strong></span> <span class='ocrx_word' id='word_1_330' title='bbox 927 4350 1008 4402; x_wconf 80' lang='lat' dir='ltr'><strong>aliter</strong></span> <span class='ocrx_word' id='word_1_331' title='bbox 1019 4347 1127 4400; x_wconf 80' lang='lat' dir='ltr'><strong>iudicat</strong></span> <span class='ocrx_word' id='word_1_332' title='bbox 1138 4348 1262 4417; x_wconf 80' lang='lat' dir='ltr'><strong>Fischer,</strong></span> <span class='ocrx_word' id='word_1_333' title='bbox 1367 4424 1369 4430; x_wconf 33' lang='grc' dir='ltr'>Ι</span> 
     </span>
    </p>
   </div>
   <div class='ocr_carea' id='block_1_8' title="bbox 138 4435 469 4510">
    <p class='ocr_par' dir='ltr' id='par_1_10' title="bbox 138 4435 469 4510">
     <span class='ocr_line' id='line_1_40' title="bbox 138 4435 469 4510; baseline 0.003 -24"><span class='ocrx_word' id='word_1_334' title='bbox 138 4435 297 4493; x_wconf 79' lang='lat' dir='ltr'><strong>Zeittafeln</strong></span> <span class='ocrx_word' id='word_1_335' title='bbox 316 4451 343 4510; x_wconf 82' lang='lat' dir='ltr'><strong>p.</strong></span> <span class='ocrx_word' id='word_1_336' title='bbox 361 4437 410 4486; x_wconf 84' lang='grc'><strong>261</strong></span> <span class='ocrx_word' id='word_1_337' title='bbox 429 4453 469 4510; x_wconf 84' lang='lat' dir='ltr'><strong>sq.</strong></span> 
     </span>
    </p>
   </div>
   <div class='ocr_carea' id='block_1_9' title="bbox 0 0 1582 5162">
    <p class='ocr_par' dir='ltr' id='par_1_11' title="bbox 0 0 1582 5162">
     <span class='ocr_line' id='line_1_41' title="bbox 0 0 1582 5162; baseline 0 1"><span class='ocrx_word' id='word_1_338' title='bbox 0 0 1582 5162; x_wconf 95' lang='lat' dir='ltr'><strong> </strong></span> 
     </span>
    </p>
   </div>
  </div>
 </body>
</html>
