3148 5160
316 430 377 492 230
698 427 782 484 Plus
804 427 834 482 ll.
878 425 984 484 clevi
1006 424 1036 482 ll.

317 594 519 674 aquaeductus
547 597 608 655 sive
636 595 788 656 calefactio
821 595 919 655 balnei
947 593 1059 674 publici
1087 594 1124 654 de
1156 595 1284 673 pecunia
1317 593 1438 673 publica

317 697 440 758 curandi
455 699 516 758 sive
532 697 665 758 defensio
680 699 815 776 actioque
832 703 930 757 certae
947 715 1067 756 caussae
1088 696 1230 758 defertur.
1242 692 1302 774 169).
1342 697 1374 758 Ιι]
1388 696 1439 756 bis

317 801 407 878 igitur
430 800 521 860 rebus
544 798 682 860 omnibus
705 817 772 859 cum
794 797 905 860 nullam
927 797 1038 860 laboris
1059 801 1331 878 compensationem
1348 817 1436 878 prae·

316 902 403 963 beret
425 903 589 970 aerarium,
618 900 814 962 versabantur
843 903 993 979 impensae
1020 899 1156 979 publicae
1183 895 1222 960 in·
1241 907 1363 981 sumptu
1388 919 1438 962 sa·

317 1022 447 1073 crorum,
472 1022 597 1082 operum
618 1003 817 1081 ludorumque
839 1001 1036 1082 publicorum,
1064 1001 1249 1064 medicorum
1271 1001 1308 1062 ab
1331 1002 1441 1062 ordine

316 1106 521 1166 institutorum
549 1104 748 1184 similiumque
777 1121 945 1183 operarum
990 1103 1034 1164 nd
1062 1104 1226 1182 erogandas
1254 1110 1355 1165 autem
1383 1103 1440 1164 bas

315 1208 479 1324 impensas
488 1208 584 1285 primo
607 1206 672 1266 loco
694 1205 944 1284 impendebantur
966 1205 1081 1266 reditus
1101 1205 1262 1268 fundorum
1285 1205 1438 1266 locorum·

317 1328 376 1387 que
398 1285 609 1377 communium
634 1327 710 1387 quae
725 1327 741 1368 a
756 1306 921 1369 duumviris
936 1306 1118 1369 locabantur.
1156 1310 1193 1369 At
1215 1307 1245 1366 bi
1269 1325 1338 1368 raro
1354 1308 1440 1368 sulfi-

317 1408 444 1477 eiebant,
465 1411 505 1470 ita
524 1417 557 1469 ut
571 1409 790 1470 recurrendum
805 1412 906 1488 utique
923 1415 1000 1471 esset
1018 1408 1053 1470 ad
1070 1409 1237 1470 onerandos
1259 1410 1439 1487 municipes.

316 1511 378 1570 lam
403 1529 486 1579 vero,
511 1513 536 1570 si
558 1510 615 1570 boc
637 1511 855 1580 intercedebat,
879 1530 954 1580 nou,
979 1517 1012 1571 ut
1033 1511 1111 1590 apud
1134 1530 1203 1580 nos,
1228 1510 1374 1571 tributum
1398 1513 1441 1571 ir·

317 1612 478 1689 rogabatur
500 1611 639 1672 omnibus
662 1612 860 1692 municipibus
881 1611 1045 1691 incolisque
1068 1618 1148 1672 certa
1171 1611 1298 1691 quadam
1321 1612 1442 1691 fixaque

317 1715 447 1783 ratione,
478 1713 529 1774 sed
553 1714 742 1793 explebatur,
772 1714 851 1793 quod
879 1698 994 1783 deerat,
1024 1715 1132 1792 partim
1160 1716 1387 1792 magistratuum
1412 1721 1443 1774 et

318 1817 484 1876 sevirorum
506 1809 712 1894 Augustalium
736 1816 860 1876 summis
887 1815 1056 1876 honorariis
1077 1817 1188 1894 iisque,
1218 1833 1295 1894 quae
1322 1814 1443 1894 reliqua

317 1903 507 1994 magistratus
540 1937 594 1997 per
628 1917 892 1978 administrationis
925 1935 996 1978 suae
1029 1934 1140 1977 annum
1166 1919 1290 1996 proprio
1318 1924 1445 1996 sumptu

317 2018 428 2098 populo
451 2018 609 2086 donabant,
632 2020 756 2098 partim,
781 2037 856 2097 quae
879 2025 962 2079 extra
985 2016 1121 2078 ordinem
1142 2017 1320 2098 praestanda
1343 2027 1443 2088 erant,

317 2120 432 2198 singula
455 2119 578 2197 singulis
600 2119 797 2200 impendenda
820 2118 1047 2197 assignabantur
1070 2121 1129 2180 sive
1152 2118 1356 2199 municipibus
1378 2122 1444 2180 sive

315 2222 422 2282 incolis
446 2241 480 2282 ex
504 2223 618 2282 ratione
647 2224 692 2284 rei
720 2221 881 2283 familiaris.
928 2221 1010 2292 Quae
1039 2228 1125 2282 erant
1147 2239 1272 2282 munera
1295 2224 1443 2301 patrimo·

318 2325 373 2391 nii;
397 2324 568 2402 patrimonii
591 2325 669 2384 enim
691 2343 800 2384 munus
822 2322 990 2391 dicebatur,
1021 2321 1101 2401 quod
1123 2329 1244 2401 sumptu
1266 2325 1442 2401 patrimonii

319 2433 348 2482 et
370 2423 485 2484 damnis
508 2423 741 2486 administrantis
764 2423 984 2504 expediebatur.
998 2420 1046 2501 ¹⁷⁰)
1084 2424 1218 2503 Denique
1234 2425 1357 2484 tertium
1372 2443 1444 2484 mu·

319 2543 425 2586 nerum
447 2542 542 2604 genus
565 2526 808 2596 constituebatur,
832 2527 857 2585 si
880 2527 928 2586 eui
950 2534 979 2587 et
1001 2526 1157 2604 personale
1179 2527 1310 2587 osticium
1334 2545 1443 2604 eroga·

318 2627 405 2686 batur
433 2632 463 2686 et
489 2628 629 2704 pecunia,
665 2635 694 2687 et
726 2627 879 2688 dicebatur
912 2627 941 2686 id
974 2644 1069 2704 genus
1097 2627 1232 2688 mixtum.
1243 2625 1292 2706 ¹⁷¹)
1343 2630 1445 2707 Atque

318 2727 408 2787 buius
430 2729 549 2804 generis
570 2729 664 2789 luisse
687 2728 822 2789 videntur
845 2727 903 2787 duo
927 2727 1071 2808 exempla,
1096 2747 1172 2808 quae
1193 2727 1257 2789 sola
1280 2731 1376 2790 nostri
1399 2729 1443 2789 la·

317 2829 401 2908 pides
438 2828 643 2909 suppeditant,
688 2849 807 2900 eorum,
845 2831 896 2909 qui
932 2830 1071 2890 dicuntur
1107 2838 1262 2891 curatores
1298 2829 1445 2891 ludorum

317 2933 378 3005 (nn.
409 2936 478 2997 194.
511 2926 592 3009 489).
639 2931 763 2992 Curator
792 2933 870 2992 enim
898 2951 952 3010 per
980 2949 1012 2990 se
1040 2930 1159 3010 quidem
1187 2951 1248 2991 non
1283 2939 1328 2992 est
1358 2932 1445 2992 idem

317 3038 406 3110 atque
430 3030 526 3092 editor
549 3037 578 3091 et
600 3050 671 3092 eura
687 3032 810 3093 alicuius
825 3033 869 3092 rei
885 3050 939 3111 per
961 3051 993 3092 se
1010 3041 1056 3093 est
1070 3052 1179 3094 munus
1201 3032 1362 3112 personale
1374 3031 1443 3112 172);

319 3133 462 3194 edebatur
485 3135 575 3210 igitur
598 3132 703 3202 ludus,
733 3135 784 3213 qui
806 3131 956 3193 curandus
980 3141 1057 3202 erat,
1088 3153 1102 3194 a
1132 3134 1289 3214 republica
1311 3134 1446 3215 ideoque

297 3239 438 3294 -eurator
461 3235 594 3294 muneris
611 3235 727 3309 publici
747 3233 818 3294 dicit
807 3243 855 3295 tur
879 3235 911 3306 Ο.
938 3235 1113 3296 Caetronius
1136 3237 1185 3296 Tit
1186 3236 1266 3298 ullus
1290 3237 1329 3318 (n
1355 3235 1444 3314 489),

318 3333 370 3392 sed
406 3335 483 3393 sicut
518 3332 621 3394 aedilis
651 3337 828 3404 munerarii,
863 3337 902 3396 ita
936 3339 1083 3397 curatoris
1116 3356 1236 3417 quoque
1272 3345 1349 3408 erat,
1388 3359 1447 3400 suo

318 3412 439 3511 sumptu
463 3433 695 3512 splendidiorem
717 3435 845 3497 reddere
873 3436 975 3497 ludum
999 3437 1147 3516 quamde
1169 3438 1291 3517 publica
1313 3443 1448 3519 pecunia

318 3532 403 3593 reddi
430 3543 541 3612 posset.
586 3537 689 3616 Neque
719 3541 818 3598 minus
846 3540 970 3598 mixtum
1003 3557 1113 3600 munus
1141 3539 1200 3600 diei
1228 3546 1328 3619 potest
1354 3541 1447 3612 illud,

318 3634 397 3713 quod
419 3655 474 3714 pro
496 3639 619 3716 paganis
646 3640 713 3717 pagi
735 3639 865 3699 Lucretii
893 3640 1025 3718 suscepit
1052 3640 1085 3711 Q.
1111 3641 1270 3702 Cornelius
1292 3642 1448 3713 Zosimus,

387 3937 446 4002 169)
466 3939 498 3989 L.
519 3940 550 3988 18
568 3939 608 3998 §ip
627 3940 651 3990 6.
670 3941 694 3992 7.
714 3942 744 3990 13
762 3943 826 4007 Dig,
846 3941 879 3992 de
898 3957 1002 3993 muner.
1023 3948 1051 3993 et
1068 3944 1163 3994 honor.

388 4021 448 4085 170)
466 4022 498 4074 L.
519 4023 551 4070 18
569 4023 592 4082 ξ.
613 4025 644 4073 18
662 4023 725 4088 Dig.
745 4025 779 4074 de
798 4040 901 4075 muner.
922 4031 950 4076 et
967 4027 1061 4079 honor.

334 4136 337 4142 -
389 4105 447 4170 171)
467 4106 499 4156 L.
520 4107 551 4155 18
570 4122 610 4169 pr.
630 4107 668 4167 ἐξ.
687 4109 719 4156 26
738 4123 797 4172 sqq.
815 4109 879 4172 Dig.
899 4111 932 4160 de
951 4128 1055 4166 muner.
1075 4119 1103 4164 et
1119 4114 1215 4168 honor.

388 4189 446 4252 172)
467 4189 524 4239 Cir.
542 4189 559 4239 l.
580 4190 611 4239 18
630 4191 653 4251 ς’.
675 4196 687 4239 1
706 4193 771 4256 Dig.
789 4194 822 4243 de
841 4210 946 4248 muner.
967 4201 994 4246 et
1011 4197 1121 4250 bonor:
1138 4203 1290 4263 personalia
1302 4207 1363 4250 sunt
1378 4219 1451 4266 puae

318 4273 395 4320 animi
406 4275 553 4335 provisione
571 4282 596 4323 et
613 4279 757 4338 corporalis
774 4277 1035 4342 laborieintentioae,
1054 4298 1103 4332 non
1121 4285 1208 4348 aliquo
1227 4287 1341 4348 pereatis
1361 4287 1451 4336 deiri·

316 4361 399 4403 mento
410 4363 606 4421 perpetrentur,
628 4361 704 4408 veluti
715 4364 792 4410 tutela
804 4365 842 4410 ael
853 4377 925 4413 eura.
