3184 5162
570 484 652 544 PARS
674 489 693 547 i.
737 487 844 544 clevi
864 487 883 544 1.
1241 493 1281 554 43

160 664 215 726 ut,
228 673 289 734 quo
311 657 407 716 maior
429 669 474 716 es
488 654 633 716 nobilium
655 656 858 718 Romanorum
880 657 1042 718 latifundiis
1064 657 1182 718 fructus
1202 659 1279 720 redi-

158 767 223 828 ret,
247 777 324 838 quae
345 759 425 818 inter
446 756 513 818 illos
537 766 622 819 erant
644 757 777 820 cultioris
798 760 875 819 vitae
897 759 994 828 initia,
1018 758 1216 820 destruerent.

246 861 308 922 lam
325 879 395 920 vero
411 859 516 920 eodem
531 868 681 938 tempore,
700 880 759 940 quo
774 860 943 922 Africanum
958 859 1010 922 illo
1026 861 1115 921 modo
1131 861 1279 924 disseren-

158 969 222 1024 tem
245 964 316 1023 iacit
337 963 455 1031 Cicero,
479 970 512 1022 ui
533 963 657 1023 interior
677 960 858 1042 reipublicae
874 964 1025 1025 Romanae
1041 970 1135 1025 status
1157 964 1194 1026 ad
1207 964 1281 1026 ¹alias

159 1065 223 1124 vias
239 1071 342 1142 coepta
361 1071 407 1124 est
423 1062 545 1134 adduci,
567 1065 608 1125 ita
626 1071 761 1126 motuum
779 1064 899 1126 illorum
919 1073 1056 1126 auctores
1071 1066 1282 1131 intellexerunt

157 1185 222 1226 non
245 1165 356 1226 Romae
379 1164 486 1235 solum,
510 1165 562 1226 sed
586 1167 672 1227 etiam
703 1168 775 1227 iuris
801 1167 936 1228 funditus
957 1168 1122 1231 novandam
1145 1187 1210 1230 esse
1232 1189 1279 1230 re·

156 1287 228 1329 rum
251 1268 448 1345 gerendarum
472 1269 627 1338 rationem,
652 1277 684 1330 ut
706 1275 784 1329 stare
807 1275 909 1348 posset
929 1269 1108 1350 respublica.
1153 1263 1278 1351 Populi·

157 1369 245 1431 ribus
266 1387 370 1430 revera
399 1367 591 1430 tribuendum
615 1388 695 1440 esse,
725 1371 804 1450 quod
831 1373 861 1431 in
889 1369 981 1432 Gallia
1010 1389 1128 1451 quoque
1156 1373 1280 1434 Romani

158 1488 221 1532 non
245 1470 371 1550 amplius
393 1473 526 1533 conteuti
549 1477 647 1540 erant,
677 1480 780 1536 contra
808 1475 918 1552 piratas
941 1472 1103 1536 custodiam
1128 1493 1278 1543 exercere,

158 1573 215 1632 sed
237 1572 421 1634 formandam
443 1574 485 1635 ibi
508 1591 574 1634 esse
595 1575 774 1652 provinciam
791 1575 1011 1645 intellexeruut,
1035 1582 1123 1656 atque
1139 1577 1170 1638 G.
1188 1577 1278 1638 Grac·

157 1672 209 1733 chi
232 1692 405 1752 eorumque,
429 1677 481 1752 qui
502 1694 518 1736 a
541 1673 742 1737 Gracchorum
765 1678 898 1757 partibus
920 1676 1045 1747 stabant,
1068 1679 1197 1757 impulsu
1217 1681 1278 1758 pri·

156 1795 244 1857 mum
259 1784 341 1838 trans
362 1776 450 1856 Alpes
473 1785 650 1856 propagatos
673 1797 739 1839 esse
761 1779 1026 1860 Romaniimperii
1048 1780 1130 1850 fines,
1156 1799 1191 1840 eo
1207 1801 1278 1842 con·

1 1867 2 1924 }
56 1885 63 1889 “
157 1878 242 1948 silio,
267 1886 300 1939 ut
320 1885 420 1958 aperta
441 1876 506 1948 illa,
531 1896 606 1957 quae
628 1882 778 1958 incognita
802 1888 831 1940 et
854 1881 953 1942 clausa
975 1889 1059 1942 antea
1083 1883 1195 1950 iuerat,
1224 1885 1278 1943 im·

156 1997 264 2040 mensa
277 1982 400 2057 regione
423 1982 611 2059 conditisque
633 1981 756 2044 coloniis
772 2000 846 2043 nova
861 1985 1090 2060 inauguraretur
1112 1985 1156 2044 rei
1171 1983 1278 2044 Roma·

156 2101 216 2142 nae
230 2089 322 2157 aetas,
347 2090 380 2143 ut
394 2083 542 2144 levaretur
558 2083 648 2154 ltalia,
672 2084 771 2146 ltaliae
787 2084 1011 2146 commodorum
1026 2087 1177 2164 particeps
1198 2093 1278 2146 esset

157 2202 234 2244 nova
257 2186 423 2263 provincia,
447 2185 476 2244 id
500 2184 667 2247 luculenter
691 2185 826 2264 probavit
846 2187 1022 2247 Mommsen.
1033 2183 1068 2265 ¹⁷)

243 2284 473 2365 Expeditionum
493 2295 609 2357 autem,
640 2307 715 2367 quae
744 2288 780 2348 ad
810 2288 1013 2369 occupandam
1035 2287 1158 2350 Galliam
1180 2309 1197 2349 a
1219 2289 1276 2350 lio-

156 2389 253 2449 manis
277 2395 449 2469 susceptae,
473 2388 698 2467 bellorumque,
723 2409 800 2470 quae
822 2409 917 2470 usque
940 2391 976 2451 ad
998 2390 1105 2452 lulium
1121 2392 1276 2452 Caesarem

155 2489 320 2551 Galliarum
341 2498 491 2552 rectorem
512 2490 554 2552 ibi
576 2499 659 2569 gesta
682 2501 764 2562 sunt,
788 2491 926 2563 historia,
957 2491 1052 2573 qualis
1076 2512 1112 2554 ex
1134 2493 1278 2575 dispersis

154 2599 294 2653 veterum
317 2595 496 2673 scriptorum
523 2593 597 2654 locis
625 2600 724 2673 potest
746 2594 854 2673 colligi,
885 2594 957 2656 haec
979 2597 1043 2657 iere
1067 2593 1169 2673 escwi:

218 2697 327 2767 ,Anno
355 2714 378 2756 a.
406 2693 458 2756 Ch.
484 2714 513 2756 n.
544 2701 620 2766 125,
653 2715 719 2756 cum
750 2697 848 2757 denuo
879 2697 916 2757 de
945 2697 1103 2776 rapacibus
1134 2695 1277 2760 Salluvio-

154 2815 224 2856 rum
252 2797 474 2857 incursionibus
504 2805 702 2874 quererentur
726 2796 938 2868 Massilienses,
971 2801 1080 2860 missus
1112 2801 1143 2859 in
1173 2819 1276 2861 eorum

155 2897 300 2959 auxilium
324 2897 361 2958 Μ.
385 2898 506 2960 Fulvius
528 2899 651 2960 Flaccus
675 2917 752 2968 cos,
781 2901 907 2976 insignis
927 2899 977 2959 ille
1001 2899 1031 2960 C.
1057 2900 1182 2961 Gracchi
1203 2904 1275 2961 ami·

156 3019 224 3068 cus,
261 3017 329 3061 cum
357 2999 472 3078 p'rimus
499 3002 701 3062 Romanorum
729 3000 834 3079 Alpes*
849 3019 916 3061 cum
944 3003 1076 3062 exercitu
1110 3009 1275 3080 transgres-

156 3120 208 3162 sus
232 3107 321 3174 esset,
347 3104 372 3162 si
395 3110 528 3164 actorum
550 3100 775 3182 triumphalium
798 3102 885 3163 fidem
909 3091 1056 3178 sequeris,
1075 3105 1206 3182 primurn
1228 3103 1275 3164 Li·

155 3221 247 3283 gures
281 3202 396 3264 domuit
426 3223 508 3264 oram
540 3204 721 3275 incolenteS,
760 3203 866 3264 deinde
904 3204 1068 3267 secundum
1101 3203 1275 3266 Rhodanum

157 3305 323 3365 ascendens
346 3307 504 3367 Vocontios
526 3293 606 3376 adiit,
633 3305 761 3385 denique
783 3306 829 3366 bis
852 3322 971 3385 quoque
993 3308 1077 3368 viciis
1098 3309 1157 3368 iam
1180 3307 1275 3370 Sallu-

225 3506 269 3570 17)
288 3509 321 3558 R.
343 3506 374 3560 G.
396 3510 501 3571 2,104.
522 3510 578 3558 116.
599 3511 656 3560 163,

225 3591 269 3656 18)
292 3591 460 3642 Provinciae
482 3593 686 3659 Transalpinae
708 3594 790 3643 initia
813 3595 885 3644 satis
908 3595 986 3660 large
1011 3595 1060 3646 sed
1079 3600 1106 3646 et
1124 3600 1276 3662 temporum

156 3683 184 3728 et
201 3693 293 3730 rerum
311 3678 421 3728 ratione
440 3677 587 3742 aliquoties
606 3679 695 3728 ndnus
719 3681 851 3730 accurate
874 3680 1024 3732 observata
1044 3685 1194 3732 ennarrata
1212 3686 1278 3733 sunt

157 3779 173 3812 a
187 3763 322 3828 Thierryo
336 3761 412 3824 (hist.
430 3761 480 3812 des
495 3762 575 3813 Gaul.
589 3763 624 3816 11.
640 3761 795 3828 lae-274),
809 3765 981 3815 succinctius
1000 3765 1119 3831 quidem,
1138 3767 1275 3818 sedtanto

156 3849 318 3898 accuratius
338 3862 355 3896 a
373 3848 541 3897 Mommseno
560 3845 604 3912 (R.
621 3847 653 3898 G.
674 3849 859 3910 2,158—163.
883 3854 912 3914 3,
925 3849 1090 3914 auc—282).
1124 3851 1277 3902 Praeterea

154 3933 312 3997 nuperrime
343 3933 373 3981 in
403 3931 500 3982 eadem
527 3947 557 3981 re
592 3936 721 3982 versatus
751 3935 794 3983 est
821 3934 852 3986 A.
882 3935 926 3984 W.
955 3935 1053 4001 Zumpt
1080 3931 1174 3998 (Stud.
1197 3935 1275 3987 Rom.

155 4031 181 4080 p.
202 4018 233 4067 15
251 4016 336 4080 sqq.),
356 4017 498 4080 quintin
517 4015 717 4068 enucleandum
735 4021 872 4068 rectorum
889 4019 1050 4083 provinciae
1069 4018 1190 4070 ordinem
1208 4019 1276 4069 mul·

156 4103 213 4150 tum
230 4099 367 4167 impendit
384 4099 503 4163 laboris,
523 4099 563 4150 ita
580 4101 643 4166 plus
662 4101 748 4152 semel
766 4116 849 4166 quam
867 4103 1009 4154 illustrare
1027 4103 1117 4154 voluit
1134 4105 1276 4167 quaestio·

156 4199 226 4250 nem,
245 4185 410 4236 obscuravit
428 4187 456 4235 et
473 4185 608 4236 turbavit.
643 4185 700 4236 Nos
722 4185 756 4236 de
780 4187 876 4238 eadem
900 4189 1063 4250 quaestione
1085 4187 1127 4237 ita
1145 4186 1191 4236 hic
1210 4202 1275 4252 age-

156 4285 228 4336 mus,
252 4274 284 4321 nt
308 4285 343 4320 aa
367 4273 475 4319 tantum
498 4270 679 4336 recipiamus,
704 4284 777 4334 quae
799 4275 827 4322 et
851 4271 1009 4321 continuum
1026 4285 1116 4322 rerum
1134 4275 1274 4336 gesturum

156 4352 278 4406 ordinem
295 4353 422 4405 indicent
441 4354 534 4420 etqui
557 4368 666 4422 quoque
689 4360 813 4421 tempore
835 4355 996 4427 provincias
1019 4358 1110 4406 status
1133 4354 1224 4408 fuerit
1240 4357 1274 4408 il-

154 4437 282 4494 lustrent.
