3154 5162
504 499 587 555 plns
610 499 627 554 l.
673 499 779 555 elrvr
801 501 831 556 ll.
1180 502 1220 564 85

4 703 6 718 ι
95 670 268 746 Augustum
290 685 394 726 omnes
417 664 581 745 appellant,
605 665 661 726 boc
684 667 828 746 oppidum
843 666 879 727 ab
904 668 1065 729 Octaviano
1086 670 1220 747 Augusto

4 838 6 857 Ι
96 771 272 831 necessario
295 768 411 828 diceres
433 768 595 830 conditum.
641 768 740 830 Nihilo
768 787 837 830 vero
865 771 964 831 minus
986 767 1218 852 Mommseuo²⁹)
1269 769 1272 776 ’

97 875 156 932 erit
179 870 417 939 assentiendum,
448 872 499 948 qui
527 889 718 931 nummorum
745 873 920 949 praesertim
949 873 1119 934 testimonio
1147 875 1220 934 insi-

95 979 182 1034 stens
204 970 356 1052 probavit,
387 989 447 1031 non
469 973 616 1050 Aargusto,
646 972 698 1032 sed
727 971 801 1033 lulio
825 973 943 1034 Caesari
970 976 1115 1053 originem
1143 974 1219 1036 hanc

4 1139 6 1146 ,
96 1075 207 1135 urbem
230 1074 349 1134 debere.
393 1073 502 1135 Extant
529 1076 608 1135 enim
636 1093 827 1136 nummorum
851 1076 1113 1146 Nemausensium,
1143 1095 1218 1154 quae

5 1165 6 1168 ¹
96 1176 155 1237 sub
178 1176 382 1237 Romanorum
403 1177 531 1255 imperio
555 1178 670 1254 signata
692 1184 776 1247 sunt,
805 1175 864 1238 duo
886 1195 1011 1255 genera,
1040 1178 1166 1240 alterum
1190 1187 1220 1239 et

4 1277 6 1330 ἲ
94 1284 311 1356 argenteorum
339 1284 369 1338 et
395 1295 570 1349 aeneorum,
601 1279 651 1356 qui
680 1298 716 1339 ex
746 1297 804 1340 una
836 1287 920 1358 parte
954 1288 1043 1359 caput
1070 1281 1218 1359 galeatum

4 1455 5 1458 Ἴ
93 1399 172 1460 prae
195 1381 364 1448 scierunt,
395 1378 431 1439 ab
455 1378 548 1442 altera
569 1382 706 1460 inscripti
730 1388 799 1442 sunt
822 1395 1001 1453 coh-Nun,
1024 1383 1142 1462 pondus
1165 1402 1216 1444 au·

95 1490 159 1544 tem
189 1481 331 1542 exhibent
358 1479 556 1552 Massiliense,
592 1481 716 1544 alterum
751 1483 911 1545 admodum
938 1487 1081 1562 frequens
1109 1503 1216 1545 aeneo·

93 1603 166 1644 rum
189 1589 319 1651 tautum,
343 1585 394 1660 qui
417 1585 446 1643 in
471 1584 593 1644 adversa
614 1592 698 1664 parte
721 1585 883 1647 ostendunt
905 1589 1001 1666 capita
1016 1587 1168 1649 Octaviani
1189 1594 1218 1647 et

4 1693 5 1754 ζ
93 1687 247 1765 Agrippae
269 1687 414 1765 inscripto
437 1688 558 1746 nomine
581 1701 803 1757 turmula,
828 1691 858 1750 in
882 1707 984 1749 aversa
1000 1687 1149 1749 crocodilo
1171 1691 1217 1749 in·

4 1775 6 1848 ῗ
94 1789 200 1866 signes
223 1795 293 1848 sunt
316 1795 345 1847 et
366 1789 562 1866 inscriptione
584 1802 763 1858 coh-uum,
788 1792 896 1867 signati
918 1797 1017 1851 autem
1041 1791 1077 1851 ad
1099 1791 1217 1870 pondus

4 1877 6 1990 L
94 1885 327 1967 Romanum³⁰);
358 1907 373 1948 e
403 1889 512 1966 quibus
539 1891 699 1968 generibus
726 1911 814 1952 nemo
837 1911 896 1952 non
920 1892 1012 1960 videt,
1040 1891 1114 1952 illud
1143 1899 1216 1953 tem-

4 2003 5 2068 ]
94 2011 170 2072 pore
193 1993 278 2070 prius
301 2009 368 2051 esse
391 2009 482 2069 quam
502 1991 573 2062 boc,
598 1995 739 2071 quoniam
762 1991 836 2053 illud
860 2001 889 2053 et
911 2000 1120 2071 argenteorum
1142 2011 1215 2070 quo·

4 2085 6 2126 ³
95 2111 154 2172 que
178 2110 369 2154 nummorum
392 2094 439 2154 ius
463 2095 690 2173 comprehendit
713 2103 742 2155 et
763 2095 881 2174 pondus
909 2097 939 2154 in
967 2096 1006 2154 iis
1028 2093 1118 2155 habet
1139 2096 1215 2154 Mas-

4 2235 5 2264 r
94 2195 229 2256 siliense.
275 2195 306 2254 Si
329 2203 428 2257 autem
451 2203 518 2257 ante
542 2196 693 2257 Octaviani
721 2202 848 2257 aetatem
878 2198 974 2257 extitit
1002 2194 1135 2256 coloniae
1158 2195 1215 2257 Ne-

4 2289 6 2348 Τ
94 2299 193 2358 mansi
221 2315 331 2357 nomen
359 2305 389 2358 et
415 2300 478 2368 ius,
512 2316 637 2359 necesse
665 2306 710 2358 est
743 2305 793 2358 aut
820 2318 836 2358 a
863 2297 938 2359 lulio
967 2297 1092 2359 Caesare
1120 2304 1171 2358 aut
1200 2316 1216 2357 a

96 2400 261 2460 triumviris
283 2397 466 2479 reipublicae
496 2400 720 2462 constituendae
749 2401 786 2460 sil
815 2401 1025 2469 constitutum,
1055 2402 1124 2477 quia
1146 2406 1215 2460 ante

4 2523 6 2582 ς
95 2507 213 2581 captam
236 2500 396 2562 Massiliam
419 2501 492 2561 nihil
521 2501 601 2563 aliud
624 2520 713 2580 quam
740 2501 1138 2582 oppidumMassiliensibus
1162 2503 1213 2563 sti-

4 2589 6 2695 j
93 2603 286 2682 pendiarium
309 2612 372 2664 erat
387 2604 569 2672 Nemausum
594 2606 652 2663 iam
677 2623 745 2664 vero
768 2605 915 2666 triumviri
938 2611 971 2663 ut
994 2610 1083 2664 totam
1101 2602 1215 2664 ltaliam

8 2783 17 2792 .
94 2703 212 2782 legibus
236 2706 361 2782 agrariis
383 2705 578 2782 deductisque
601 2707 632 2766 in
655 2706 786 2766 colonias
809 2705 955 2765 militibus
977 2704 1151 2774 turbarunt,
1175 2706 1215 2767 ita

94 2808 153 2867 nisi
176 2807 252 2867 lorte
274 2804 357 2884 leges
380 2807 470 2868 lulias
494 2807 626 2868 defuncti
655 2808 790 2869 Caesaris
819 2806 1057 2883 exequebantur,
1086 2807 1117 2867 in
1143 2824 1213 2884 pro-

5 2917 7 2986 ζ
94 2909 206 2968 vincias
229 2925 326 2985 neque
349 2910 497 2969 civitatem
512 2908 675 2969 itomanam
699 2926 797 2985 neque
812 2907 986 2968 latinitatem
1002 2914 1214 2986 propagarunt.

5 2993 7 3076 ῗ
94 3010 147 3070 Est
170 3011 262 3088 igitur
285 3009 322 3070 ab
349 3012 415 3089 ipso
438 3009 514 3072 lulio
538 2995 663 3072 Caesare
691 3009 888 3089 repetendum
916 3006 1050 3068 coloniae
1072 3008 1215 3068 Nemausi

5 3117 7 3192 ξ
94 3114 142 3172 ius
164 3111 314 3188 huiusque
342 3113 417 3172 iuris
445 3131 480 3173 ea
502 3131 587 3192 pars,
618 3129 675 3188 qua
704 3113 884 3191 permissum
912 3117 976 3170 erat
1004 3109 1213 3171 Nemausensi·

94 3212 161 3282 bus,
186 3221 218 3274 ut
239 3216 364 3294 proprio
386 3216 507 3275 nomine
529 3232 667 3274 nummos
690 3215 841 3291 signarent
857 3219 1025 3290 argenteos.
1072 3211 1145 3273 Cum
1161 3232 1212 3273 au·

5 3293 7 3308 '
96 3322 155 3375 tem
179 3317 244 3376 eius
267 3315 402 3376 coloniae
426 3317 609 3376 territorium
636 3333 707 3394 pars
734 3317 840 3376 luisset
862 3315 924 3392 agri
947 3314 1142 3376 Massiliensis
1165 3335 1213 3376 ea·

5 3425 7 3444 ¹
94 3435 153 3495 que
173 3435 243 3496 pars
266 3419 387 3496 optima,
411 3419 476 3478 lieri
499 3437 559 3478 nou
581 3424 688 3497 potest,
713 3420 785 3495 quin
807 3417 955 3477 conditam
978 3435 1045 3477 esse
1065 3416 1142 3477 banc
1164 3437 1213 3478 co-

5 3509 7 3560 ἕ
94 3517 206 3578 loniam
229 3526 395 3580 statuamus
418 3520 522 3580 eodem
545 3526 694 3598 tempore,
726 3537 784 3596 quo
813 3521 933 3580 omnino
956 3519 992 3578 de
1015 3518 1099 3579 urbis
1122 3519 1212 3580 Grae·

5 3617 6 3674 }
94 3635 148 3678 cae
170 3626 251 3680 sorte
274 3621 384 3682 Caesar
407 3620 545 3708 decrevit.
592 3619 730 3682 Coloniae
761 3640 829 3681 vero
852 3623 899 3682 ius
921 3619 995 3681 nibil
1018 3619 1097 3680 allud
1119 3621 1214 3681 luisse

5 3733 7 3780 ῑ
95 3735 184 3796 quam
211 3720 503 3783 latinitatemtitulo
532 3722 696 3784 honorilice
732 3730 848 3784 auctam
877 3729 905 3782 et
933 3729 1056 3802 apparet
1084 3740 1120 3781 ex
1148 3724 1213 3782 iure

92 3825 286 3902 propriorum
324 3842 517 3885 nummorum
554 3824 633 3901 quod
667 3823 839 3884 Latinarum
875 3831 989 3885 tanturn
1028 3823 1213 3884 coloniarum

94 3929 175 3992 erat,
204 3931 233 3983 et
260 3924 372 3985 diserte
396 3929 542 3986 testantur
571 3932 628 3985 tam
659 3925 765 3986 Strabo
795 3944 883 4004 quam
905 3922 1073 4004 Plinius.³¹)
1118 3928 1212 4001 Atque

163 4194 205 4259 29)
224 4197 388 4255 Mommsen,
407 4195 501 4248 Roem.
521 4195 620 4248 Geseh.
639 4199 668 4255 3,
688 4198 745 4247 533.
781 4196 877 4246 Roem.
895 4193 1069 4245 Miinzwesen
1086 4193 1136 4242 oto
1154 4205 1193 4255 sq.

6 4335 7 4340 ,
165 4280 206 4342 30)
227 4279 393 4346 Cetalogum
414 4282 533 4332 omnium
552 4295 718 4330 nummorum
732 4279 959 4330 Nemausensium
972 4278 1020 4326 dot
1032 4278 1074 4327 De
1087 4277 1116 4326 la
1129 4276 1211 4326 Saus-

6 4373 7 4384 *
91 4378 175 4427 says,
193 4366 324 4418 Numism.
343 4381 369 4430 p.
389 4367 438 4416 164
456 4381 515 4430 sqq.

164 4448 206 4516 aa)
225 4449 324 4501 Strabo
342 4449 390 4504 IV.
408 4465 435 4518 p.
455 4451 511 4503 186.
546 4449 618 4503 Plin.
636 4453 660 4510 3,
674 4450 698 4500 5.
