3184 5162
528 506 612 564 PARS
634 507 655 564 1.
698 505 804 564 CAPV'l
826 507 845 564 Ι.
1201 510 1241 572 59

120 673 197 737 sedit
219 673 380 737 multitudo
403 680 433 735 et
454 649 583 756 primum
605 675 736 754 speciem
759 675 913 754 municipii
928 673 1092 753 praebebat
1114 676 1141 735 ei
1163 673 1240 745 loco,
1305 670 1307 676 ’

120 784 225 858 postea
248 783 348 838 autem
371 776 478 847 effecit,
501 783 535 839 ut
556 777 687 856 speciem
710 783 888 854 sequeretur
909 777 956 836 ius
979 777 1112 837 civitatis.

147 872 150 878 ’
206 880 345 941 Instituta
367 879 458 957 igitur
481 885 545 941 erat
567 896 660 940 novae
688 880 858 958 provinciae
880 879 990 949 forma,
1021 877 1134 939 definiti
1155 879 1239 948 lines,

5 975 7 984 ’
121 983 304 1043 constitutus
326 981 438 1042 interni
460 987 554 1042 status
576 979 650 1040 ordo
673 987 762 1058 atque
784 983 824 1041 ita
847 978 952 1040 saltem
972 987 1075 1060 pacata
1097 979 1170 1041 baec
1192 998 1240 1041 re·

5 1119 8 1126 =
85 1086 185 1172 gio,
215 1089 249 1143 ut
276 1099 332 1161 per
354 1081 524 1162 complures
552 1100 646 1143 annos
675 1080 832 1162 tranquilla
861 1083 959 1142 omnia
987 1087 1087 1143 essent
1115 1087 1145 1142 et
1166 1088 1242 1142 tuta·
1344 1143 1346 1148 ,

117 1183 264 1246 Restabat
292 1183 412 1261 quidem
441 1203 624 1246 summarum
651 1183 769 1263 Alpium
798 1185 968 1264 occupatio,
999 1202 1074 1263 quae
1103 1185 1159 1246 uisi
1185 1201 1241 1264 per

121 1287 210 1365 longa
239 1304 307 1347 cum
335 1285 474 1363 gentibus
500 1285 614 1366 Alpinis
642 1288 803 1348 certamina
830 1305 890 1347 non
918 1291 1036 1366 poterat
1057 1286 1182 1365 suscipi,
1211 1292 1241 1347 at

120 1389 173 1450 illo
195 1393 332 1468 tempore
354 1405 452 1466 neque
474 1388 600 1450 Romani
630 1387 667 1448 de
696 1387 876 1466 occupandis
903 1386 1096 1449 interioribus
1123 1387 1241 1468 Alpium

5 1557 7 1570 ,
119 1493 199 1569 iugis
223 1492 390 1569 cogitarunt
412 1493 483 1552 satis
505 1489 663 1560 babentes,
694 1491 769 1552 viam
792 1490 956 1551 secundum
977 1489 1060 1551 littus
1083 1489 1240 1550 ducentem

121 1599 256 1674 apertam
279 1591 337 1653 sibi
358 1611 486 1663 servare,
510 1609 608 1670 neque
631 1598 735 1670 gentes
755 1591 905 1671 Inalpinae
930 1591 1007 1654 ultro
1022 1591 1162 1662 Romanis
1176 1589 1239 1651 bel·

120 1695 185 1756 lum
207 1693 381 1756 intulerunt.
428 1694 506 1766 Quid
529 1694 608 1775 quod
637 1693 711 1756 adeo
734 1710 842 1772 segnes
863 1696 893 1754 in
917 1693 1097 1773 occupandis
1120 1692 1242 1773 Alpibus
1325 1741 1329 1749 .

122 1804 210 1858 erant
230 1796 371 1866 Romani,
395 1804 429 1858 ut
450 1815 488 1857 ne
510 1797 542 1858 in
565 1795 734 1876 spbalpnus
757 1797 877 1876 quidem
899 1795 1063 1866 montibus,
1093 1797 1144 1873 qui
1166 1796 1241 1858 bles·

121 1899 206 1960 sillae
228 1897 433 1968 imminebant,
456 1905 525 1983 ante
547 1897 654 1960 lulium
677 1899 834 1960 Caesarem
858 1917 892 1958 eo
914 1900 1115 1976 pervenirent,
1138 1904 1172 1957 ut
1194 1896 1241 1957 Li·

121 2018 215 2081 gures
236 2000 278 2061 ibi
301 2000 491 2062 considentes
521 2007 551 2060 et
577 1999 739 2061 latrociniis
770 2015 859 2059 omne
886 1999 969 2059 littus
991 1999 1166 2059 inlestentes
1188 1998 1241 2058 do·

121 2099 297 2181 merente)
343 2102 429 2175 Quod
458 2118 496 2163 eo
524 2102 746 2164 memorabilius
775 2107 843 2172 cst„
863 2100 942 2180 quod
972 2099 1077 2160 eodem
1105 2106 1242 2179 tempore

120 2223 178 2284 per
201 2220 320 2264 omnem
343 2202 454 2265 Calliae
476 2203 705 2284 Transpadanae
728 2209 758 2262 et
785 2220 854 2263 orae
877 2203 967 2263 maris
989 2203 1093 2262 Veneti
1114 2208 1242 2262 tractum

99 2307 160 2368 'ad
182 2305 300 2386 Alpium
323 2305 438 2367 radices
461 2306 595 2368 adierant
617 2305 718 2383 ibique
748 2305 887 2366 continuo
912 2312 941 2364 et
962 2302 1148 2365 lacessebant
1169 2321 1242 2382 gen·

4 2419 7 2486 ς
120 2415 169 2469 tes
190 2407 311 2488 Alpinas
335 2413 364 2466 et
386 2406 422 2468 ab
444 2409 481 2470 iis
503 2407 739 2477 lacessebantur,
762 2407 890 2486 ideoque
912 2413 993 2467 tanto
1015 2407 1108 2485 magis
1131 2405 1242 2468 debuc-

119 2516 195 2572 runt
217 2510 399 2590 permoveri,
433 2517 464 2572 ut
485 2517 644 2592 postquam
672 2511 879 2570 constiterunt¹
899 2510 931 2568 in
958 2509 1110 2587 provincia
1132 2509 1242 2570 Trans·

4 2655 6 2710 Ξ
121 2611 231 2691 alpina,
255 2611 292 2671 ab
314 2617 441 2691 utraque
463 2614 521 2674 iam
543 2614 690 2675 montium
712 2617 797 2692 parte
818 2610 940 2690 Alpinos
961 2610 1155 2672 intermedios
1177 2617 1242 2672 ten

121 2719 223 2774 tarent
246 2715 445 2793 comprimere
469 2721 499 2774 et
521 2715 680 2776 contractis
702 2716 852 2791 utrimque
875 2712 988 2772 viribus
1015 2711 1128 2789 aliquot
1150 2730 1242 2774 anno·

4 2801 6 2822 ⁴
121 2833 191 2876 rum
208 2813 311 2875 labore
328 2813 423 2876 libera
443 2814 480 2876 ab
501 2814 637 2877 hostibus
658 2817 726 2894 iuga
742 2835 776 2877 ac
792 2820 896 2902 tntum
908 2816 938 2874 in
956 2815 1140 2895 provinciam
1160 2831 1244 2875 suam

121 2916 235 2978 habere
257 2916 379 2977 aditum.

208 3019 266 3091 Qui
296 3037 363 3081 cum
394 3025 474 3080 esset
501 3021 582 3081 iners
610 3038 714 3081 rerum
746 3020 776 3079 in
810 3019 933 3095 regione
963 3014 1157 3095 Transalpina
1185 3023 1242 3076 sta·

4 3179 6 3204 7
121 3127 192 3190 tus,
231 3138 293 3181 non
327 3122 437 3182 mirum
470 3128 515 3182 cst
554 3121 633 3201 quod
667 3120 737 3182 inde
772 3140 789 3181 a
825 3120 876 3180 Cn.
915 3119 1043 3180 Domitio
1076 3133 1172 3193 usque
1208 3117 1245 3178 ad

121 3222 314 3284 Cimbrorum
343 3222 379 3283 ad
406 3223 480 3283 lines
507 3225 677 3302 provinciae
710 3223 869 3285 adrentum
901 3239 938 3281 ne
972 3219 1091 3280 nomina
1125 3218 1244 3296 quidem

121 3330 276 3386 rectorum
309 3326 480 3404 provinciae
514 3325 550 3386 ad
582 3343 638 3387 nos
669 3329 881 3405 pervenerunt.
934 3323 1112 3401 lrruperunt
1146 3327 1245 3383 autem

122 3426 238 3487 Cimbri
259 3427 290 3486 in
314 3426 438 3488 Galliam
460 3429 592 3506 primum
615 3416 693 3489 anno
717 3423 795 3506 1091,
820 3431 908 3504 atque
930 3423 1003 3485 haec
1026 3429 1085 3493 est,
1111 3439 1186 3500 quae
1209 3423 1245 3484 ad

120 3528 309 3608 provinciam
337 3528 563 3608 Transalpinam
592 3529 723 3609 pertinet
751 3527 901 3588 succincta
928 3523 1077 3586 bellorum
1106 3523 1247 3586 Cimbrici

123 3638 153 3690 et
176 3627 334 3690 Teutonici
356 3629 479 3691 historia
487 3651 497 3714 :¹
526 3631 599 3692 Cum
628 3629 744 3690 devicto
770 3631 803 3689 in
825 3626 948 3708 Alpibus
971 3627 1087 3688 Noricis
1113 3626 1165 3689 Cn.
1189 3626 1244 3688 Pa·

4 3769 5 3776 *
120 3732 201 3812 pirio
231 3730 365 3792 Carbone
394 3731 515 3794 consule
544 3732 655 3815 Cimbri
685 3729 849 3794 secundum
878 3728 988 3791 Calliae
1017 3729 1246 3809 Transpadanae

118 3832 200 3896 lines
222 3851 319 3912 usque
340 3834 372 3894 in
393 3833 475 3896 lacus
497 3834 641 3896 Lemanni
662 3833 797 3894 viciniam
821 3833 986 3901 venissent,
1015 3833 1125 3894 missus
1148 3832 1246 3893 estin

246 3969 413 3976 -.„..--·-.-.——.
418 3970 428 3974 .-

135 4047 150 4052 ·’
192 4034 238 4098 51)
256 4033 356 4088 Strabo
374 4037 421 4090 IV.
438 4051 466 4102 p.
485 4039 549 4089 203:
572 4027 701 4102 npoirooe
724 4025 752 4086 δ’
779 4027 964 4101 ἐχειρώσαντο
979 4024 1111 4102 Ῥωμαῖοι
1128 4026 1247 4091 τούτους

122 4122 173 4184 (se.
194 4115 261 4181 τοὺς
279 4121 484 4188 Κελτολίννας)
506 4119 564 4174 τῶν
585 4110 772 4186 ὑπεραλπίοον
789 4117 902 4172 Κελτῶν
925 4113 1016 4172 πολὺν
1038 4110 1141 4186 χρόνον
1163 4117 1247 4169 πολε-

121 4197 266 4273 μήσαντες
289 4203 339 4259 καὶ
362 4196 475 4266 τούτοις
497 4203 630 4267 καὶτοῖς
653 4204 789 4273 Λίγυσιν,
812 4194 1031 4256 &consuluerim
1054 4193 1105 4261 τας
1129 4197 1171 4261 εἰς
1193 4193 1247 4267 τὴν

4 4349 5 4368 3
118 4282 248 4358 Ἰβηρίαν
265 4285 411 4358 παρόδους
428 4283 481 4351 τὰς
499 4283 549 4343 διὰ
570 4289 623 4359 τῆς
644 4289 800 4356 παραλίας·
821 4280 1014 4356 ὀγδοηκοστὸν
1032 4279 1061 4338 δ’
1082 4281 1144 4346 ἔτος
1162 4286 1246 4353 πολο-

122 4373 247 4442 μοῦντες
269 4393 296 4430 τ.
315 4393 339 4427 τ,
357 4377 381 4427 t.
418 4376 468 4428 cfr.
492 4391 518 4430 n.
540 4378 582 4427 42.
618 4375 800 4442 Octcgesimo
826 4374 886 4425 iere
908 4377 972 4440 post
995 4373 1108 4425 invasos
1130 4372 1246 4439 primum

123 4459 264 4512 Salluvios
282 4460 370 4512 Iulius
388 4458 493 4512 Cessas
509 4471 610 4514 novom
627 4459 789 4530 provinciae
807 4459 924 4512 formem
940 4457 1071 4514 instituit.
