3154 5162
288 414 350 476 142
678 412 761 469 Plus
783 412 814 470 ll.
856 412 962 469 CAPVT
984 412 1003 469 l.

285 577 392 658 eluse),
421 593 497 658 quae
526 577 639 642 adiacet
665 577 754 638 lluvm
776 575 973 655 cataoon²⁵),
1002 578 1081 637 inter
1103 575 1273 654 Vulgientes
1303 583 1404 636 autem

285 686 317 740 et
337 679 513 740 Druentiam
541 678 615 740 alius
644 680 768 740 civitatis
797 697 906 740 nomen
934 698 994 740 non
1024 686 1179 758 appareat,
1203 677 1404 756 Vulgientium

286 783 434 844 civitatem
455 783 647 862 consequitur
674 789 704 842 et
726 789 880 860 angustam
907 781 987 841 illam
1010 780 1116 841 vallem
1143 781 1290 850 tenuisse,
1315 798 1405 858 qnam
1460 827 1464 834 .

285 885 406 963 perfluit
428 883 569 953 Calavou,
594 892 623 945 et
643 885 797 963 regionem
826 885 933 945 montis
954 884 1085 944 [cheron
1107 885 1199 962 Aptae
1220 883 1405 942 imminentis
1516 883 1527 898 ⁰

287 994 316 1046 et
349 1006 383 1048 ea
412 1004 487 1064 quae
514 988 593 1047 inter
621 985 703 1048 hunc
724 992 856 1047 montem
885 987 1036 1046 intersunt
1063 992 1093 1045 et
1119 984 1308 1054 Druentiam,
1344 987 1404 1044 sive

286 1105 406 1150 omnem
432 1089 497 1149 lere
525 1089 693 1167 regionem,
717 1105 792 1166 quae
820 1087 908 1147 hodie
938 1094 983 1148 est
1004 1086 1281 1147 l'crrondissement
1300 1083 1402 1162 d’Apt.

287 1191 437 1272 Oppidum
460 1198 559 1251 autem
580 1189 718 1252 Latinum
740 1198 859 1270 praeter
881 1194 984 1268 Aptam
1007 1188 1049 1250 ibi
1071 1207 1131 1249 non
1153 1189 1223 1258 luit,
1248 1189 1301 1249 sed
1325 1189 1403 1250 haud

285 1293 373 1371 longe
395 1311 411 1353 a
435 1292 539 1354 dextra
561 1293 642 1353 lluvii
663 1292 790 1354 Gulavon
818 1293 883 1371 ripa
906 1292 1002 1360 vicus,
1027 1293 1078 1368 qui
1100 1289 1187 1350 hodie
1211 1298 1256 1351 est
1280 1293 1403 1369 Gordes,

285 1412 395 1455 nomen
423 1397 607 1456 conservavit
636 1397 702 1476 pagi
725 1394 922 1460 Vordensium
943 1396 1040 1473 Aptae'
1069 1391 1231 1453 contributi
1260 1390 1343 1472 (app.
1374 1412 1402 1453 n.

286 1493 374 1574 424),
397 1496 504 1558 litteris
527 1498 550 1557 V
572 1504 602 1558 et
624 1497 649 1558 G
672 1495 776 1557 eodem
799 1496 887 1558 modo
910 1495 1098 1571 commutatis
1120 1501 1207 1574 atque
1229 1496 1260 1555 in
1283 1497 1405 1556 nomine

286 1597 387 1676 oppidi
409 1598 545 1677 Vapinci‚
569 1598 648 1676 quod
670 1596 759 1658 hodie
782 1607 827 1660 est
850 1600 924 1675 Gap.

370 1698 404 1760 ln
427 1700 531 1761 eadem
553 1702 676 1779 regione
698 1719 764 1761 oum
787 1702 818 1760 in
840 1702 886 1761 via
906 1699 1041 1779 publica,
1065 1716 1142 1777 quae
1158 1697 1327 1760 Cabellione
1349 1719 1406 1779 per

285 1801 389 1879 Aptam
414 1801 578 1864 secundum
600 1802 773 1863 Druentiam
796 1802 923 1864 ducebat
945 1803 1186 1880 Segusterionem
1211 1809 1240 1862 et
1262 1802 1298 1862 ad
1315 1802 1403 1863 Catu·

285 1903 380 1981 riges,
411 1906 447 1985 in
470 1905 623 1966 itinerario
650 1905 791 1966 Antonini
819 1904 863 1985 (p.
888 1902 968 1983 343)
997 1905 1154 1964 stationem
1182 1903 1293 1964 habeas
1314 1904 1405 1970 Fines

286 2025 325 2066 m.
349 2025 378 2084 p.
403 2005 429 2066 ll
451 2005 488 2067 ab
510 2008 599 2086 Apta,
623 2006 677 2068 Xll
700 2027 716 2067 a
739 2005 909 2068 Cabellione
932 2013 1091 2074 remotam,
1121 2005 1170 2066 hic
1192 2006 1320 2066 sortasse
1344 2009 1406 2066 sive

287 2125 380 2186 prope
414 2106 513 2168 locum
543 2110 629 2169 Goult
660 2111 804 2170 terminos
836 2109 987 2188 posueris,
1023 2107 1071 2167 uhi
1104 2109 1167 2185 agri
1201 2107 1405 2177 Cabelliensis‚

284 2209 472 2277 livoniensis,
504 2212 641 2289 Aptensis
670 2218 755 2271 erant
782 2211 927 2279 confinem
963 2211 1105 2271 stationes
1137 2216 1236 2270 autem
1270 2210 1405 2270 eiusdem

286 2311 348 2369 viae
371 2309 407 2369 ad
434 2309 511 2370 hanc
533 2313 686 2390 regionem
714 2314 899 2391 pertinentes
926 2319 996 2372 sunt
1018 2311 1153 2372 Catuiaca
1183 2312 1309 2393 (Calcon
1330 2317 1404 2374 Anv.

286 2429 313 2489 p.
340 2414 416 2478 215,
442 2412 541 2473 Cerest
562 2411 663 2492 Lapie)
687 2413 741 2474 XII
763 2432 801 2474 m.
826 2433 854 2494 p.
880 2420 994 2474 remota
1018 2411 1054 2474 ab
1076 2415 1164 2494 Apta,
1195 2420 1226 2473 et
1245 2412 1404 2475 Alaunium

288 2511 464 2592 (Hospitalet
488 2515 560 2590 Anu.
584 2533 614 2593 p.
632 2520 681 2580 43.
711 2516 872 2578 Monoecus
893 2513 993 2595 Lapie)
1018 2535 1057 2576 m.
1079 2535 1109 2595 p.
1129 2515 1193 2576 XVI
1216 2534 1231 2575 a
1255 2515 1405 2577 Catuiaca.

372 2620 527 2676 Cavares.
551 2649 586 2658 —
611 2616 654 2677 De
677 2615 765 2677 liuius
787 2620 883 2696 gentis
906 2617 1027 2679 sedibus
1050 2617 1157 2678 Strabo
1171 2613 1206 2694 26)
1238 2624 1268 2676 et
1290 2616 1407 2679 Plinius

286 2716 327 2776 ita
355 2717 433 2776 inter
461 2735 493 2778 se
521 2719 724 2788 consentiunt,
754 2725 786 2779 ut
812 2719 877 2789 ille,
907 2718 1049 2796 quidquid
1077 2721 1155 2780 inter
1184 2720 1346 2781 Druentiae
1375 2727 1408 2781 et

286 2819 386 2880 Isarae
408 2837 474 2880 cum
497 2818 641 2882 Rhodano
670 2820 855 2882 continentes
882 2822 1022 2891 interest,
1048 2822 1191 2883 Cavarum
1221 2841 1286 2882 esse
1314 2822 1405 2893 dicat,

285 2919 334 2980 hic
363 2927 392 2980 et
413 2923 639 2984 Avenionem
671 2921 836 3002 (deipnon)
867 2930 895 2982 et
917 2922 1123 2984 Valentiam
1148 2920 1312 3005 (Valente)
1342 2925 1407 2985 sive

286 3023 419 3084 eiusdem
441 3025 574 3102 regionis
597 3032 730 3085 extrema
751 3023 816 3090 loca
838 3024 943 3085 iisdem
966 3025 1116 3086 attribuat.
1147 3026 1280 3087 APlinio
1303 3034 1405 3088 autem

284 3124 473 3186 Ptolemaeus
495 3127 535 3184 ita
558 3126 672 3196 dillert,
696 3134 729 3187 ut
749 3126 913 3200 Valentiam
935 3127 1097 3189 infinibus
1119 3127 1406 3206 Segovellaunorum

285 3227 474 3286 constitutam
503 3226 596 3296 dicat;
633 3235 662 3288 at
689 3230 757 3307 quia
787 3227 864 3308 apud
893 3227 1020 3289 Plinium
1049 3248 1168 3309 quoque
1196 3228 1407 3308 Segovellauni

285 3327 390 3388 eodem
413 3326 479 3388 loco
508 3327 706 3399 collocantur,
736 3329 809 3390 haec
838 3330 1005 3390 differentia
1035 3330 1146 3395 nullius
1174 3333 1318 3393 momenti
1346 3339 1404 3404 est,

253 3420 256 3425 ’
284 3431 463 3505 praesertim
485 3447 553 3490 cum
575 3431 743 3502 valentiae,
768 3431 900 3493 coloniae
923 3433 1028 3493 civium
1050 3432 1252 3495 Romanorum
1274 3435 1407 3495 fortasse

283 3548 354 3608 pms
386 3533 485 3612 potior
521 3551 581 3594 non
615 3551 651 3594 ex
679 3534 826 3612 indigenis
855 3541 1013 3596 constaret.
1060 3536 1133 3597 Cum
1162 3554 1232 3596 vero
1260 3535 1405 3614 Vulgien-

350 3771 395 3836 25)
409 3769 495 3820 Cuius
505 3769 582 3821 fluvii
594 3785 694 3822 nomen
703 3771 798 3824 volunt
810 3773 1016 3824 commemorari
1026 3773 1055 3822 in
1064 3771 1118 3823 huo
1127 3771 1245 3824 Bouohii
1253 3771 1405 3842 (chorogr.

282 3854 316 3906 de
334 3855 416 3910 Prov.
435 3857 464 3921 1,
482 3853 526 3921 28)
546 3857 741 3923 inscriptione:
759 3853 1405 3924 MINERlVAIHVLIlAVOALONISlMVSAE,

282 3944 366 4006 atque
379 3939 486 3992 Uckert
499 3956 606 4007 quoque
619 3959 646 4008 p.
660 3944 709 3994 140
722 3946 749 3993 et
762 3941 882 4007 Spruner
892 3957 1022 4007 mappam
1034 3943 1167 4007 antiquae
1181 3941 1293 3993 Galliae
1305 3943 1408 4009 depin-

282 4040 350 4092 gens
368 4023 433 4076 inde
451 4040 550 4078 nomen
567 4027 718 4081 Aucalonis
735 4027 812 4078 fluvii
829 4030 1007 4092 receperunt3
1031 4031 1061 4078 at
1083 4027 1292 4092 inscriptionem
1314 4025 1406 4093 illam,

281 4111 417 4177 siquidem
428 4114 505 4162 recte
517 4111 657 4178 descripta
668 4117 717 4176 est,
728 4112 818 4178 potius
828 4111 946 4178 legeris:
957 4111 1405 4166 Minervaelzutalleatontsldueae.

349 4194 396 4261 26)
414 4196 513 4247 Strabo
531 4197 578 4249 1v.
597 4213 624 4262 p.
644 4198 705 4248 185:
727 4195 878 4263 πορθμείῳ
895 4195 1032 4263 διαβᾶσιν
1050 4193 1091 4255 εἰς
1107 4195 1300 4262 Καβαλλίωνα
1318 4191 1409 4253 πόλιν

280 4265 299 4345 ἡ
319 4269 423 4346 ἔφεξῆς
442 4277 519 4348 χώρα
536 4278 615 4334 πᾶσα
632 4274 773 4346 nautam
796 4273 854 4333 ἐστὶ
876 4277 959 4349 μέχρι
977 4281 1033 4334 τῶν
1056 4280 1106 4336 τοῦ
1120 4271 1231 4346 ’Ἱσοιρος
1254 4282 1409 4350 συμβολῶν

281 4357 351 4431 πρὸς
369 4358 420 4417 τὸν
433 4357 579 4418 Ῥοδανόν.
