3184 5162
636 451 833 511 Puuounlvn.
1251 454 1292 518 27

173 621 338 703 Strabo80),
367 628 530 702 occupatos
557 622 617 684 sive
652 620 814 683 laborando
848 621 989 700 agrorum
1019 619 1112 684 sterili
1139 619 1203 681 solo
1230 621 1291 682 sive

173 725 334 788 caedendis
355 725 530 795 arboribus,
560 742 596 786 ex
624 724 732 802 quibus
755 740 934 802 quamquam
960 722 997 784 ad
1027 724 1191 784 maritimos
1219 741 1292 784 usus

172 810 344 909 aptissimae
374 833 475 898 erant,
510 829 568 909 ipsi
597 834 696 889 tamen
723 845 828 907 parum
856 827 971 888 lructus
1000 832 1150 906 caperent.
1201 826 1290 887 Prae·

172 940 255 993 terea
278 948 333 1010 per
347 930 513 1006 ¹vilissimas
535 928 733 991 habitationes
755 929 882 1008 dispersi
897 946 996 1006 neque
1017 930 1048 989 in
1070 927 1186 1008 oppidis
1208 926 1290 988 babi-

173 1033 275 1096 tabant
297 1051 394 1112 neque
416 1033 538 1092 omnino
562 1031 691 1093 civilium
712 1033 919 1093 institutorum
948 1037 1033 1092 erant
1055 1030 1214 1109 participes
1236 1047 1291 1090 nec

171 1137 230 1197 nisi
252 1134 383 1197 bellandi
404 1153 509 1200 caussa
531 1134 675 1212 quaedam
696 1133 844 1196 habebant
859 1133 1035 1194 communia.
1073 1132 1292 1194 Commemorat

171 1238 294 1319 quidem
317 1233 517 1318 Polybius⁸⁰⁸l
541 1235 683 1316 oppidum
704 1236 857 1314 Aegitnam
881 1234 1063 1315 Oxybiorum
1086 1236 1174 1296 situm
1196 1253 1292 1315 prope
1386 1233 1392 1248 ‘

171 1339 295 1400 ssnvium
318 1340 472 1419 Apionem
496 1347 526 1400 at
546 1341 605 1399 iam
627 1337 711 1408 inde,
735 1337 815 1416 quod
837 1337 1039 1399 Romanorum
1061 1344 1197 1417 tempore
1219 1355 1289 1398 nus·

171 1460 261 1520 quam
284 1443 432 1522 repetitur
453 1440 512 1502 boc
533 1459 652 1511 nomeu,
677 1440 777 1501 videas
792 1439 866 1501 nihil
881 1438 959 1502 aliud
982 1455 1070 1517 quam
1093 1441 1188 1502 vicum
1204 1458 1289 1518 aper·

172 1551 235 1605 tum
259 1563 329 1604 eum
351 1545 453 1606 luisse.
498 1546 600 1621 Aeque
627 1542 769 1623 oppidum
791 1543 972 1612 Deciatium,
1002 1542 1080 1621 quod
1109 1544 1187 1604 inter
1208 1543 1296 1602 Anti*

169 1647 263 1727 polim
287 1653 317 1707 et
338 1645 477 1708 Nicaeam
500 1647 593 1708 luisse
615 1645 685 1705 dicit
706 1640 861 1724 Melam),
887 1645 1006 1706 anullo
1029 1644 1085 1706 alio
1109 1635 1288 1707 commemo·

170 1757 255 1810 ratur
280 1755 309 1810 et
326 1748 530 1812 Romanorum
554 1764 673 1827 quoque
697 1753 792 1809 aetate
815 1749 934 1809 nonnisi
955 1766 1011 1827 pro
1034 1749 1098 1810 vico
1120 1747 1289 1810 contributo

169 1851 287 1912 videtur
310 1851 410 1912 luisse.

255 1955 280 2014 A
302 1953 445 2031 Ligurum
468 1952 577 2013 deinde
599 1951 722 2023 finibuS,
753 1969 879 2029 quorum
908 1969 983 2029 quae
1005 1951 1084 2012 ultra
1106 1953 1214 2013 Varum
1238 1950 1289 2012 ha·

170 2040 305 2118 bitabant
333 2054 430 2116 tribus
458 2073 619 2116 recensere
647 2058 782 2115 nostrum
813 2072 872 2114 non
897 2061 956 2122 est,
986 2055 1011 2114 si
1038 2055 1162 2115 traiecto
1189 2053 1288 2123 lluvio,
1351 2113 1353 2118 .

168 2159 221 2237 qui
240 2156 332 2217 hodie
355 2165 401 2217 est
430 2157 557 2227 Verdoa,
581 2156 814 2236 septentrionem
837 2173 942 2215 versus
963 2156 1171 2234 progrederis,
1196 2171 1288 2232 quan·

169 2267 234 2320 tum
257 2258 379 2336 quidem
401 2261 563 2320 memoriae
585 2259 735 2339 proditum
760 2264 813 2326 est,
838 2255 947 2317 Gallica
970 2258 1067 2317 or‘nnia
1090 2266 1168 2328 sunt,
1193 2274 1290 2335 neque

167 2369 269 2422 tamen
292 2367 360 2421 ante
375 2361 579 2422 Romanorum
600 2363 631 2420 in
655 2378 688 2421 ea
702 2362 826 2450 regione
850 2355 1007 2418 adventum
1030 2359 1159 2420 describi
1180 2368 1287 2440 potest,

1 2489 2 2492 ¹
93 2521 95 2526 ,
168 2462 320 2543 quomodo
343 2461 527 2540 singularum
556 2465 705 2540 gentium,
736 2479 811 2540 quae
839 2463 919 2522 inter
947 2462 1120 2524 Druentiam
1152 2468 1181 2522 et
1207 2461 1286 2523 liho-

167 2565 280 2626 danum
302 2567 457 2643 regionem
485 2565 565 2627 illam
593 2564 690 2626 fluviis
712 2563 924 2643 montibusque
947 2563 1070 2624 divisam
1098 2572 1287 2644 occuparant,

167 2669 244 2729 fines
273 2673 412 2727 accurate
441 2669 499 2728 sint
528 2666 737 2744 distinguendi.
784 2665 883 2727 Livius
911 2664 1030 2741 quidem
1057 2667 1116 2726 iam
1143 2665 1289 2726 bellovesi

166 2772 225 2830 iter
248 2768 423 2830 describens
446 2769 682 2830 Tricastinorum
706 2785 815 2828 nomen
838 2773 1065 2836 commemorat,
1095 2767 1289 2829 Hannibalem

168 2891 239 2932 vero
268 2889 324 2950 per
346 2870 538 2949 Allobroges,
569 2871 768 2939 Tricastinos,
797 2870 966 2938 Vocontios,
995 2868 1146 2929 Tricorios
1169 2871 1286 2948 profici-

167 2980 303 3034 scentem
320 2969 444 3052 lacit⁸¹),
462 2981 565 3035 contra
580 2972 717 3052 Polybius
735 2989 795 3032 non
810 2970 868 3031 nisi
881 2969 1057 3047 Allobroges
1071 2973 1207 3048 cognovit
1222 2990 1287 3033 eos·

167 3093 227 3153 que
243 3075 352 3135 divisos
368 3073 424 3135 sub
439 3074 642 3154 compluribus
652 3073 846 3154 principibus.
854 3069 889 3151 82)
918 3072 1105 3132 Manifestum
1118 3079 1218 3133 autem
1233 3081 1287 3145 est,
1320 3138 1322 3141 ,

167 3177 247 3256 apud
263 3175 417 3257 Polybium
434 3179 638 3256 potiusquam
655 3175 732 3256 apud
750 3175 878 3244 Livium,
900 3175 951 3254 qui
970 3193 1041 3234 suae
1056 3179 1171 3235 tantum
1186 3177 1289 3238 aetatis

167 3285 278 3340 statum
301 3278 473 3356 descripsit,
497 3279 640 3348 inveniri,
669 3295 746 3355 quae
770 3284 838 3338 ante
859 3275 1060 3338 Romanorum
1085 3276 1289 3356 expeditiones

167 3387 252 3441 extra
274 3382 370 3459 ipsam
393 3379 518 3441 Galliam
538 3381 734 3442 inclaruerint
757 3379 883 3441 Celticae
906 3386 1026 3456 gentes,
1054 3397 1152 3459 neque
1175 3386 1289 3440 temere

166 3489 329 3562 procerte
356 3489 455 3560 potest
484 3481 613 3552 admitti,
643 3481 747 3542 eodem
777 3481 843 3542 loco
873 3498 932 3558 quo
960 3488 1064 3561 postea
1091 3489 1196 3559 gentes
1224 3481 1289 3542 illas

166 3586 226 3644 iam
254 3582 428 3644 Hannibalis
455 3583 768 3654 aetatecnnsedisse,
803 3585 894 3644 immo
922 3584 947 3643 si
976 3602 1051 3662 quae
1083 3583 1223 3664 Polybius
1252 3584 1288 3644 de

166 3685 341 3748 Hannibalis
362 3704 417 3766 per
440 3684 631 3764 Allobrogum
654 3687 729 3762 fines
751 3687 860 3746 itinere
879 3685 979 3756 alleri,
1009 3687 1161 3762 sequeris,
1191 3688 1288 3766 suspi-

235 3903 283 3968 80)
301 3904 402 3956 Strabo
420 3907 437 3956 4
454 3922 481 3971 p.
501 3907 560 3956 202.
595 3905 676 3958 Diod.
697 3905 750 3955 Sic.
770 3907 799 3968 5,
819 3908 859 3958 39.

233 3988 301 4054 soa)
323 3990 422 4055 Polyb.
441 3993 487 4052 aa,
506 3991 530 4046 4.

233 4073 302 4137 aab)
325 4073 402 4124 Mela
420 4077 447 4134 2,
462 4075 477 4124 5
491 4077 573 4125 exta:
594 4075 692 4125 Nicaea
710 4077 792 4140 tangit
805 4076 893 4141 Alpes,
914 4079 996 4141 tangit
1007 4078 1126 4141 oppidum
1137 4077 1286 4136 Deciatium,

164 4161 247 4226 tanae
264 4159 404 4224 Anapoea.
662 4161 664 4166 ’

233 4242 278 4312 81)
296 4245 361 4297 Liv.
380 4245 426 4303 21,
446 4246 488 4294 31.
1091 4280 1098 4293 .

234 4329 278 4395 82)
296 4329 396 4394 Polyb.
414 4333 444 4393 3,
457 4330 504 4380 50:
523 4323 575 4388 ἕως
593 4323 646 4395 μὲν
664 4319 718 4393 yolo
737 4321 769 4380 ἒν
786 4329 847 4387 τοῖς
866 4321 1013 4387 ἐπιπέδοις
1031 4314 1113 4394 ἦσαν,
1133 4320 1287 4403 ἀπείχοντο

166 4404 387 4475 necessarioris
406 4408 441 4466 oi
456 4405 544 4464 nacci
563 4408 668 4484 μέρος
690 4406 859 4482 ἡγεμόνες
877 4411 933 4465 τῶν
948 4403 1134 4488 Ἀλλοβρίγων.
