3184 5162
317 454 358 516 30
778 449 977 508 Pnooeurvu.

317 620 442 696 emergit
465 637 499 678 ex
524 619 674 678 communi
696 617 851 680 Volcarum
880 621 999 679 nomino
1029 618 1170 697 oppidum
1194 619 1365 687 Baeterrae,
1396 621 1432 680 ad

316 719 394 800 quod
416 721 568 799 pertinent
593 721 705 780 nummi
735 718 778 780 llli
806 722 905 790 aenei,
938 737 1013 797 quos
1041 733 1261 780 BHTAPPnnlc
1289 720 1432 804 vocabulo

316 823 474 902 inscriptos
497 819 639 882 exhibent
660 821 792 882 Mionnet
814 830 843 882 et
865 823 907 884 De
930 821 956 884 la
979 817 1178 902 Saussaye.⁹²)
1221 821 1280 882 Sed
1302 823 1431 883 tortasse

315 939 352 984 ex
377 942 412 984 eo
439 925 520 1003 ipso,
551 921 630 1002 quod
660 922 733 982 alios
761 921 850 983 buius
878 923 981 984 aetatis
1008 941 1146 986 nummos
1174 922 1317 987 barbaros
1343 926 1373 984 in
1397 943 1431 984 ea

315 1026 437 1104 regione
460 1043 520 1086 non
549 1027 699 1094 novimus,
727 1023 815 1084 liceat
843 1023 1039 1094 concludere,
1068 1024 1212 1104 quidquid
1241 1043 1429 1086 nummorum

315 1128 486 1188 commercii
509 1145 580 1187 usus
602 1145 657 1206 per
678 1125 745 1187 illos
766 1133 880 1186 tractus
901 1125 1107 1205 postulaverit,
1131 1133 1161 1186 et
1182 1111 1219 1186 ab
1241 1128 1304 1206 ipsa
1327 1127 1429 1187 Massi-

314 1228 351 1288 lia
374 1236 404 1289 et
426 1228 462 1289 ab
484 1227 596 1306 Agatha
619 1229 806 1308 provenisse,
836 1227 964 1305 ideoque
987 1227 1144 1289 Volcarum
1172 1235 1292 1305 gentem
1319 1230 1430 1288 arctius

314 1345 402 1406 quam
425 1328 497 1391 alias
519 1349 586 1390 cum
602 1327 834 1391 Massiliensibus
857 1348 922 1390 esse
938 1331 1119 1397 coniunctas,
1143 1331 1168 1389 si
1190 1329 1310 1408 quidem
1325 1331 1429 1391 aretis·

315 1432 387 1490 s1ma
424 1429 550 1492 duarum
583 1433 732 1492 civitatum
765 1433 934 1492 coniunctio
962 1449 995 1492 ea
1027 1439 1086 1501 est,
1118 1439 1152 1490 ut
1184 1430 1274 1493 altera
1307 1430 1430 1492 alterius

313 1535 442 1593 nummis
465 1540 574 1594 utatur.
622 1532 692 1593 lnde
715 1534 740 1593 si
763 1535 924 1594 transimus
946 1533 982 1594 ad
999 1539 1104 1611 gentes
1127 1531 1304 1612 Subalpinas
1325 1532 1428 1592 Massi·

313 1634 369 1694 liae
392 1636 540 1704 finitimas,
564 1633 645 1714 apud
667 1634 792 1712 Ligures
815 1635 936 1713 quidem
958 1652 1097 1696 nummos
1118 1636 1285 1695 invenimus
1307 1636 1428 1694 omnino

313 1733 418 1804 nullos,
444 1738 548 1815 utqui
570 1736 707 1798 rudiores
730 1745 838 1806 essent,
862 1755 949 1816 quam
972 1738 1024 1816 qui
1046 1737 1191 1797 eiusmodi
1213 1754 1327 1796 morem
1349 1737 1427 1796 reci-

312 1845 432 1916 perent;
457 1837 508 1898 sed
533 1856 585 1900 eae
606 1840 689 1917 ipsae
715 1845 819 1916 gentes
842 1837 984 1907 Gallicae,
1014 1854 1090 1917 quae
1116 1857 1212 1917 prope
1236 1846 1304 1898 ante
1325 1844 1428 1916 portas

311 1938 457 2000 Massiliae
484 1939 700 2008 consederant,
733 1931 864 2019 propriis
898 1941 1028 2000 nummis
1055 1939 1222 2000 utebantur.
1275 1939 1351 2000 Sunt
1377 1957 1429 1998 au-

311 2051 370 2101 tem
393 2059 445 2101 eae
466 2049 571 2118 gentes
594 2038 768 2121 Glanicill),
799 2059 928 2120 quorum
958 2041 1059 2102 civitas
1086 2040 1173 2102 bodie
1201 2049 1247 2102 est
1269 2039 1310 2099 St.
1333 2040 1428 2116 Remy

310 2143 393 2219 (dep.
418 2144 471 2203 des
492 2143 630 2204 Boucbes
657 2144 698 2204 du
720 2144 856 2221 Rbdne),
881 2143 1078 2204 Caenicenses
1088 2139 1142 2222 94),
1172 2145 1222 2220 qui
1249 2160 1342 2221 prope
1370 2141 1425 2201 llu-

311 2247 389 2304 vium
412 2245 541 2305 Caenum
564 2247 625 2305 sive
649 2247 709 2304 Arc
737 2243 886 2318 colebant,
914 2246 1024 2305 dvenio
1052 2240 1248 2324 oppidumlll
1292 2244 1426 2314 Quorum

310 2364 457 2414 nummos,
480 2347 532 2424 qui
553 2365 570 2406 a
593 2345 839 2406 Raeterrensibus
861 2364 897 2406 eo
920 2345 1071 2415 differunt,
1095 2345 1173 2422 quod
1197 2347 1329 2422 argentei
1345 2352 1424 2413 sunt,

309 2454 376 2507 ante
399 2447 601 2508 Romanorum
624 2447 854 2508 dominationem
878 2450 1008 2526 signatos
1036 2441 1103 2508 esse
1131 2447 1200 2507 inde
1222 2448 1424 2526 conspexeris

309 2547 388 2625 quod
412 2556 535 2627 excepta
556 2555 620 2608 arte
648 2549 746 2609 omnia
773 2550 803 2609 in
831 2550 868 2610 iis
895 2550 1006 2611 Graeca
1038 2557 1106 2609 sunt
1133 2549 1169 2608 ad
1197 2548 1426 2609 Massiliensium

310 2649 479 2729 exemplum
501 2650 635 2710 formata.
682 2650 763 2711 lnter
790 2669 866 2730 quos
895 2651 1034 2713 Glanicos
1063 2659 1092 2711 et
1114 2651 1309 2712 Caenicenses
1330 2652 1425 2710 mani-

309 2751 416 2811 lestum
440 2759 566 2812 estnon
589 2753 683 2828 magis
705 2771 794 2831 quam
817 2753 1029 2815 Raeterrenses
1052 2759 1083 2812 et
1103 2754 1283 2814 Avenienses
1305 2759 1425 2828 gentem

308 2852 436 2930 aliquam
459 2852 638 2931 singularem
663 2855 771 2925 luisse,
801 2856 853 2917 sed
880 2853 1069 2933 singulorum
1096 2854 1275 2933 oppidorum
1297 2852 1424 2921 incolas;

307 2934 486 3018 dvenienses
509 2965 607 3017 autem
631 2975 721 3037 supra
744 2956 870 3018 vidlmus
891 2960 922 3018 in
937 2955 1166 3018 Massiliensium
1188 2957 1280 3016 luisse
1300 2955 1422 3015 ditione.

307 3058 387 3129 Quae
415 3059 441 3118 si
467 3058 677 3137 perpendens,
706 3058 813 3120 melius
840 3061 898 3119 iarn
921 3059 1100 3137 perspicias,
1129 3076 1187 3137 qua
1216 3059 1331 3118 ratione
1354 3075 1424 3116 curn

306 3160 352 3219 bis
395 3159 562 3220 civitatibus
605 3162 721 3237 egerint
762 3160 971 3222 Massilienses.
1029 3160 1122 3221 Erant
1155 3177 1259 3220 omnes
1296 3157 1424 3236 quodam

306 3261 394 3321 modo
417 3259 649 3322 Massiliensibus
672 3261 832 3330 obnoxiae,
863 3261 915 3322 sed
945 3279 1043 3338 neque
1071 3261 1195 3340 reliquis
1222 3278 1320 3339 neque
1347 3261 1422 3320 Ave-

306 3362 470 3431 mensibus,
494 3379 671 3441 quamquam
694 3364 875 3442 praesidium
904 3363 946 3424 ibi
968 3363 1105 3424 videntur
1127 3362 1304 3431 collocasse,
1328 3380 1423 3440 quan-

372 3548 416 3614 92)
435 3547 561 3599 Mionnet
576 3549 589 3597 1
608 3565 636 3614 p.
649 3550 690 3599 66.
721 3551 763 3600 De
776 3550 805 3600 13
818 3548 911 3601 Senes.
929 3565 956 3614 p.
977 3551 1025 3602 183
1043 3550 1081 3616 pl.
1095 3549 1192 3613 xxn„
1211 3549 1257 3614 qui
1275 3550 1304 3598 in
1322 3563 1424 3598 aversa

305 3639 384 3699 parte
401 3633 510 3683 leonem
529 3631 668 3698 depictum
686 3633 770 3685 videt.
805 3634 841 3684 At
859 3636 951 3700 imago
975 3634 1118 3684 admodum
1135 3633 1195 3684 rudi
1214 3637 1273 3683 orte
1292 3634 1424 3683 confecta

306 3733 393 3782 aeque
411 3721 520 3768 taurum
537 3716 756 3781 Massiliensem,
776 3719 885 3784 qualem
902 3719 989 3770 habes
1007 3720 1036 3768 in
1053 3719 1134 3770 huius
1151 3719 1226 3769 urbis
1243 3719 1360 3771 nummis
1378 3719 1422 3768 De

259 3869 261 3874 Ι
305 3801 772 3868 13831133111ΝΙ.1111283333,
798 3809 889 3870 potest
909 3805 1022 3854 imitari.
1057 3805 1100 3854 De
1119 3805 1226 3869 origine
1244 3802 1313 3852 dicit
1330 3803 1373 3852 De
1392 3803 1424 3852 la

305 3887 412 3940 Senes:
437 3885 561 3952 Qnelqnes
582 3889 739 3952 antiquaires
761 3891 797 3939 les
815 3895 859 3940 ont
881 3888 1019 3938 attribuees
1036 3905 1090 3939 aum
1106 3891 1160 3939 rois
1178 3891 1209 3938 de
1229 3888 1340 3947 Galatis,
1358 3891 1425 3938 mate

303 3989 351 4023 nne
366 3987 529 4038 pronenonee
553 3972 610 4022 bien
627 3975 757 4022 eonotatde
779 3976 816 4023 les
839 3990 856 4022 α
875 3975 927 4036 fait
945 3975 1136 4036 definitivement
1159 3975 1251 4024 laisser
1269 3973 1285 4021 d
1303 3972 1421 4022 Btziers.

303 4057 335 4107 In
353 4073 407 4108 uuo
427 4073 461 4108 ex
478 4057 513 4106 iis
531 4057 661 4120 nummis,
686 4057 735 4106 ubi
753 4057 823 4124 legis
841 4057 1047 4124 HTAPPATIS
1065 4058 1159 4108 lietera
1177 4057 1195 4107 S
1213 4057 1354 4108 Romanae
1372 4057 1421 4108 do-

302 4143 462 4193 minationis
480 4142 563 4191 initia
578 4141 688 4192 videtur
704 4142 828 4207 prodere.

370 4225 415 4292 93)
433 4227 475 4276 De
493 4226 523 4276 la
542 4227 635 4277 Senes.
653 4243 681 4292 p.
700 4228 733 4278 96
751 4227 788 4292 pl.
808 4226 884 4278 XIII.

370 4311 413 4372 94)
431 4309 501 4364 Ibid.
520 4328 546 4376 p.
566 4314 614 4362 103
631 4311 669 4376 pl.
683 4311 761 4363 XIII.

370 4395 414 4454 95)
431 4394 500 4442 Ibid.
519 4411 546 4460 p.
567 4397 613 4446 137
632 4397 668 4460 pl.
687 4395 760 4451 XVI.
829 4463 832 4467 ἱ
