3154 5162
306 499 366 563 130
691 498 774 555 Ptas
796 498 826 553 ll.
871 489 977 553 CAPV'l
999 496 1018 552 l.

305 671 393 745 caput
415 666 538 725 civitatis
560 663 685 725 Albam
708 663 801 744 (Aps,
823 664 949 727 orrcnd.
972 658 1094 739 Prinos)
1117 661 1190 724 nihil
1218 669 1319 741 potest
1341 679 1421 722 com·

273 806 277 818 ·
304 768 473 828 memorari.

391 868 485 940 Quam
509 886 628 929 omnem
652 867 831 946 oppidorum
853 869 883 928 in
907 867 1010 927 dextra
1032 865 1168 928 Rhodani
1193 867 1259 944 ripa
1282 865 1423 926 distribu-

306 972 415 1032 tionem
440 972 465 1030 si
487 969 725 1038 consideramus
750 975 888 1049 apparet,
913 988 973 1029 non
996 970 1118 1030 fortuito
1134 987 1205 1030 casu
1220 968 1331 1028 facturn
1348 985 1422 1035 esse,

304 1079 339 1133 ut
360 1073 607 1133 Nemausensium
630 1072 708 1132 latus
731 1088 840 1148 agera
866 1071 1081 1148 Tectosagibus
1109 1078 1299 1149 separaretur
1331 1072 1423 1129 inter·

305 1174 410 1253 positis
433 1174 599 1235 minoribus
628 1173 786 1233 territoriis
808 1173 1032 1241 Baeterrarum,
1055 1172 1262 1240 Piscenarum‚
1285 1171 1422 1240 Lotevae‚

305 1275 414 1360 quibus
437 1275 550 1336 accedit
572 1273 790 1352 quodammodo
812 1274 926 1344 Narbo,
951 1291 1026 1351 quae
1049 1273 1164 1334 colonia
1186 1274 1293 1333 civium
1316 1273 1423 1334 Roma·

303 1395 413 1438 norum
436 1384 468 1437 ut
489 1377 608 1456 imperii
630 1377 756 1438 Romani
777 1375 864 1436 sedes
888 1393 923 1435 ex
945 1376 1188 1437 Arecomicorum
1217 1377 1332 1436 civitate
1363 1380 1426 1435 erat

306 1483 452 1558 exempta.
484 1461 598 1556 Nempe
614 1480 669 1539 etsi
684 1479 842 1538 maximam
864 1495 1042 1538 numerosae
1063 1479 1304 1538 Arecomicorum
1327 1477 1426 1554 gentis

305 1586 420 1658 partem
443 1580 569 1640 Romani
590 1598 651 1640 non
674 1579 854 1642 verebantur
883 1580 1064 1640 constituere
1091 1579 1294 1648 coniunctam,
1324 1587 1426 1640 tamen

308 1699 372 1741 eam
401 1699 503 1742 curam
535 1683 631 1759 egisse
661 1682 812 1752 ridentur,
850 1688 882 1742 ut
911 1683 1026 1758 exiguis
1058 1681 1217 1741 territoriis
1244 1681 1322 1740 inter
1352 1681 1426 1740 duas

305 1788 419 1859 gentes,
443 1783 632 1845 Arecomicos
656 1791 686 1844 ci
701 1784 889 1861 Tectosages,
906 1784 1076 1843 constitutis
1099 1783 1266 1843 communia
1289 1788 1426 1843 veterum

304 1886 454 1945 civitatum
479 1883 601 1946 consilia
624 1885 850 1965 impedirentur.
897 1884 1051 1946 Eiusmodi
1081 1885 1159 1943 enim
1187 1884 1338 1945 civitatum
1368 1884 1424 1943 mi-

304 2004 412 2046 norum
443 1987 536 2062 magis
563 1985 642 2046 haud
670 1986 759 2047 dubie
786 1988 944 2056 intererat,
976 1993 1008 2046 ut
1035 2003 1145 2046 novum
1171 1987 1217 2044 ius
1245 1985 1427 2045 aRomanis

304 2106 480 2149 concessum
504 2094 677 2157 tuerentur,
707 2107 796 2167 quam
825 2096 856 2149 ut
883 2089 1004 2150 maioris
1032 2087 1155 2148 civitatis
1184 2092 1283 2147 essent
1303 2092 1425 2165 partes;

302 2189 506 2250 Romanorum
541 2196 640 2250 autem
674 2188 731 2250 tale
765 2189 921 2250 consilium
956 2196 987 2250 ut
1015 2190 1182 2268 posteriore
1209 2194 1322 2257 aetate,
1356 2206 1426 2248 cum

302 2289 459 2369 tranquilla
483 2292 582 2352 omnia
606 2293 757 2352 essentia
781 2290 836 2352 hac
858 2291 1010 2371 provincia
1034 2297 1063 2350 et
1082 2297 1160 2360 tuta,
1184 2291 1292 2350 mirum
1308 2289 1426 2350 videre-

303 2399 366 2460 tur,
401 2392 440 2451 ita
469 2398 564 2452 aetate
593 2393 741 2462 Caesaris,
776 2394 903 2472 imperio
931 2393 1065 2453 Romano
1097 2393 1128 2452 in
1157 2391 1300 2453 ulteriore
1331 2390 1428 2452 Gallia

305 2491 437 2552 nondum
460 2492 591 2563 firmato,
614 2513 675 2554 non
699 2501 762 2554 erat
783 2494 978 2556 reiciendum.

386 2595 410 2654 A
433 2592 536 2654 dextra
560 2593 696 2654 Rhodani
724 2597 788 2675 ripa
817 2597 842 2657 si
871 2596 907 2656 ad
935 2615 998 2656 eam
1026 2597 1196 2674 provinciae
1218 2593 1427 2656 Narbonensis

301 2701 418 2775 partem
446 2697 622 2765 transimus,
652 2713 728 2773 quac
756 2699 835 2759 inter
862 2697 1039 2760 Rhodanum
1067 2704 1112 2757 est
1140 2705 1169 2757 ct
1190 2696 1293 2776 Alpes,
1324 2700 1425 2776 prius·

303 2814 391 2875 qnam
414 2796 530 2875 singula
551 2798 769 2877 perlustramus
792 2807 822 2860 et
838 2799 1044 2880 disponamus,
1069 2801 1201 2860 omnium
1222 2800 1355 2878 primum
1370 2819 1425 2860 ne·

303 2918 385 2961 cesse
409 2907 454 2961 est
476 2901 676 2977 inquiramus,
702 2917 777 2978 quae
805 2902 1045 2983 ad‘provinciam
1073 2904 1243 2980 pertineant
1272 2903 1425 2963 civitatum

300 3000 473 3080 Alpinarum
500 3004 634 3074 nomina,
670 3008 700 3062 et
728 3003 903 3066 definiamus
932 3005 983 3081 qui
1010 3004 1174 3064 secundum
1202 3002 1323 3083 Alpium
1355 3006 1426 3081 iuga

301 3106 421 3164 termini
447 3105 616 3182 provinciae
646 3111 765 3165 nostrae
799 3106 920 3167 luerint.
966 3106 1008 3166 lle
1039 3123 1095 3183 qua
1125 3124 1159 3166 re
1192 3124 1261 3166 cum
1290 3123 1352 3165 non
1386 3123 1425 3164 ex

302 3207 384 3264 omni
410 3211 495 3282 parte
524 3210 669 3274 constet,¹
683 3207 812 3284 primum
842 3224 1036 3286 quaecunque
1060 3212 1193 3268 veterum
1217 3215 1319 3269 extant
1341 3207 1424 3267 testi-

302 3307 399 3366 monia
422 3305 595 3376 afferemus,
619 3305 726 3368 deinde
746 3307 821 3368 haec
845 3310 924 3369 inter
946 3327 977 3370 se
999 3308 1252 3389 comparabimus,
1283 3309 1424 3388 denique,

303 3406 373 3482 quid
396 3407 465 3467 inde
488 3406 525 3466 de
547 3406 749 3470 Narbonensis
770 3411 939 3488 provinciae
961 3410 1070 3472 tinibus
1086 3412 1239 3481 efficiatur,
1264 3408 1424 3471 concluda-

302 3525 377 3567 mus.
413 3507 450 3567 Et
470 3510 639 3570 testimonia
662 3512 781 3587 quidem
803 3511 853 3571 illa
876 3511 924 3571 bic
946 3511 1057 3574 babeas
1080 3514 1257 3594 composita:
1346 3511 1425 3594 (ride

302 3627 331 3687 p·
356 3613 419 3675 132
442 3608 497 3688 sq.)

386 3710 467 3770 lnter
490 3728 565 3788 quae
589 3714 757 3776 testimonia
779 3713 912 3776 Pliniana
939 3718 1109 3795 provinciae
1132 3716 1294 3795 descriptio
1310 3715 1354 3796 (3,
1378 3713 1423 3792 5),

302 3828 388 3871 arcus
412 3810 592 3890 Segusinus,
622 3819 778 3893 tropaeum
800 3816 919 3895 Alpium
943 3816 1032 3898 (Plin.
1058 3823 1091 3887 3,
1116 3818 1171 3896 24)
1200 3817 1321 3886 Strabo,
1346 3815 1426 3876 Mela

299 3918 395 3973 aetate
418 3915 468 3974 vix
489 3914 569 3976 inter
592 3933 624 3976 se
647 3915 802 3986 diliculum
829 3925 932 3979 contra
955 3935 1030 3995 quac
1046 3929 1167 3998 excepta
1183 3920 1299 3998 tropaei
1313 3919 1425 3978 inseri-

298 4016 400 4092 ptione
423 4014 491 4076 hist.
516 4023 575 4078 nat.
600 4021 633 4087 3,
658 4023 699 4083 24
727 4020 821 4080 refert
842 4020 971 4090 Plinius,
1001 4039 1061 4080 non
1089 4020 1124 4080 ad
1152 4022 1277 4100 Augusti
1303 4020 1356 4081 sed
1385 4020 1425 4080 ad

298 4116 394 4194 ipsius
417 4118 572 4196 scriptoris
593 4125 719 4180 aetatem
743 4128 813 4181 sunt
836 4122 1013 4190 referenda;
1036 4120 1224 4184 Ptolemaeus
1246 4129 1346 4184 autem
1374 4141 1424 4184 se·

300 4218 389 4277 cundi
415 4237 444 4296 p.
475 4217 527 4279 ch.
563 4220 672 4282 saeculi
704 4222 831 4283 formam
865 4223 1022 4293 describit;
1056 4224 1184 4302 denique
1216 4226 1324 4286 notitia
1352 4244 1425 4304 pro-

301 4319 464 4379 vinciarum
500 4319 626 4391 Galliae,
669 4339 848 4401 quamquam
883 4327 979 4402 quinti
1010 4326 1131 4387 demum
1161 4346 1190 4405 p.
1221 4327 1273 4388 Cb.
1310 4327 1427 4389 saeculi

299 4416 425 4478 formam
447 4431 667 4498 repraesentat,
690 4430 790 4487 tamen
819 4428 959 4503 quoniam
983 4430 1014 4489 in
1042 4435 1143 4508 partes
1167 4427 1287 4505 quidem
1311 4429 1427 4492 divisae
