3154 5162
327 468 387 530 100
717 464 800 522 Plus
821 465 840 522 1.
884 464 991 522 capvt
1013 464 1044 522 ll.

328 631 445 692 Siciliae
468 630 566 692 coloni
587 630 685 691 Latini
707 639 805 692 essent
827 628 992 710 dedocuit)
1023 635 1053 690 et
1073 632 1104 692 in
1126 629 1266 708 Hispania
1287 649 1314 690 a.
1338 649 1365 690 a.
1390 629 1442 690 Cb.

327 739 385 800 171
410 736 459 803 iis,
489 735 540 812 qui
563 751 598 792 ex
621 732 765 794 militibus
785 733 927 795 Romanis
955 741 985 793 11
1013 751 1048 793 11
1071 732 1239 810 Hispanieis
1266 730 1445 791 mulieribus

325 837 387 896 nati
415 839 514 903 erant,
545 835 619 896 Latii
646 835 712 895 iure
741 835 875 896 Carteiae
902 837 1080 914 permissum
1111 840 1190 894 esset
1214 832 1375 908 considere
1388 829 1442 910 61);

326 946 430 998 contra
453 935 580 998 Gracchi
601 952 766 1013 eorumque
789 941 950 996 sectatores
972 953 1039 998 cunr
1063 935 1100 995 de
1121 933 1246 995 coloniis
1267 952 1322 1013 per
1346 940 1444 994 trans·

325 1040 454 1100 marinas
484 1040 650 1118 provincias
678 1037 841 1099 condendis
868 1049 930 1117 pro·
951 1037 1062 1116 populo
1090 1042 1227 1114 agerent,
1262 1035 1299 1095 de
1332 1054 1444 1114 propa·

274 1158 278 1168 ’
325 1141 421 1218 ganda
443 1140 585 1202 latinitate
608 1158 669 1201 non
689 1139 827 1200 videntur
843 1141 1000 1218 cogitasse:
1025 1157 1133 1219 nempe
1149 1136 1353 1199 Gracchorum
1376 1145 1445 1198 ante

326 1243 424 1303 omnia
453 1243 612 1310 intererat,
643 1239 724 1320 plebi
749 1241 899 1302 Romanae
932 1239 1100 1310 consulere,
1134 1242 1265 1319 primum
1292 1241 1322 1298 11
1352 1238 1444 1308 ltalia,

327 1342 435 1403 deinde
457 1361 524 1409 cum
547 1344 577 1402 in
600 1342 681 1404 ltalia
704 1344 767 1419 agri
789 1361 849 1402 non
864 1348 1073 1421 suppeterent,
1097 1342 1128 1402 in
1143 1341 1351 1402 transmarinis
1372 1358 1445 1418 pro-

327 1446 444 1514 vinciis;
469 1444 549 1506 unde
572 1442 643 1523 quid
666 1444 813 1503 commodi
834 1445 906 1522 ipsis
927 1443 1087 1522 provinciis
1110 1459 1274 1519 eorumque
1296 1441 1447 1520 indigenis

327 1548 479 1616 eveniret,
503 1564 563 1606 non
585 1546 661 1623 iugit
683 1544 804 1622 quidem
827 1563 892 1614 eos,
917 1544 969 1605 sed
992 1544 1124 1605 secundo
1138 1543 1185 1604 vel
1202 1545 1290 1605 tertio
1305 1542 1373 1604 loco
1389 1543 1447 1602 boc

326 1647 505 1708 collocantes
532 1648 643 1707 semina
671 1653 786 1707 tantum
819 1648 927 1706 incerti
953 1647 1069 1708 fructus
1097 1645 1146 1706 bic
1172 1645 1233 1706 illic
1261 1647 1292 1705 in
1320 1647 1444 1725 provin-

327 1749 439 1810 ciarum
464 1746 527 1808 solo
550 1746 763 1826 deposuerunt.
810 1748 928 1808 Primus
955 1746 1048 1808 lulius
1070 1748 1178 1808 Caesar
1205 1747 1367 1816 intellexit,
1391 1765 1445 1826 po·

326 1850 437 1912 stulare
469 1850 588 1928 imperii
620 1848 746 1909 Romani
774 1849 977 1918 commodum,
1009 1855 1043 1909 ut
1072 1850 1103 1908 11
1131 1849 1295 1910 ordinando
1323 1850 1446 1928 proun-

326 1954 438 2012 ciarum
472 1957 549 2013 statu
576 1952 706 2029 primum
739 1951 814 2012 ratio
847 1949 1009 2011 baberetur
1041 1952 1175 2029 ipsarum
1209 1951 1445 2028 provinciarum,

327 2070 450 2131 eamque
480 2054 625 2114 rationem
655 2070 714 2113 non
744 2049 840 2112 solum
873 2054 905 2112 11
936 2050 1137 2131 perducendis
1172 2053 1362 2113 extrinsecus
1395 2071 1446 2111 co·

325 2154 413 2216 111111
451 2173 518 2216 esse
553 2156 701 2233 positam,
736 2153 788 2213 sed
826 2155 857 2213 in
894 2153 1100 2232 indigenarum
1142 2152 1310 2214 civitatibus
1345 2150 1448 2212 ltalico

325 2255 414 2316 modo
437 2256 666 2324 constituendis,
696 2254 733 2315 ad
756 2272 843 2332 quem
866 2273 953 2316 usurn
981 2274 1040 2316 uon
1063 2254 1160 2315 solum
1182 2253 1300 2333 oppidis
1322 2256 1445 2332 provin-

323 2356 449 2417 cialibus
477 2357 593 2435 primus
619 2355 683 2424 ille,
717 2374 755 2416 ne
783 2355 897 2416 colonis
928 2355 1046 2434 quidem
1076 2374 1112 2416 eo
1140 2355 1291 2424 deductis,
1325 2355 1447 2434 plenam

326 2459 474 2518 civitatem
503 2457 574 2517 dare
600 2459 726 2535 incepit,
756 2464 790 2518 ut
811 2456 948 2518 Gadibus
974 2457 1133 2535 Hispaniae
1146 2453 1197 2536 ⁷⁰),
1228 2455 1280 2515 sed
1309 2457 1388 2516 sicut
1415 2458 1449 2516 in

327 2558 453 2638 reliquis
476 2575 595 2636 quoque
617 2557 707 2618 rebus
729 2576 789 2618 nou
811 2560 851 2619 ita
872 2559 1034 2639 prooessit,
1064 2565 1097 2619 ut
1118 2574 1241 2636 prorsus
1264 2576 1340 2618 nova
1363 2559 1447 2618 inve·

326 2661 405 2721 niret
429 2665 458 2719 et
479 2661 510 2720 in
533 2657 748 2738 rempublicam
762 2660 924 2722 Romanam
939 2659 1158 2728 introduceret,
1181 2661 1222 2720 ita
1243 2661 1275 2720 in
1298 2659 1356 2720 bac
1372 2676 1447 2736 quo·

327 2779 385 2838 que
407 2778 441 2820 re
463 2767 547 2822 vetus
570 2759 752 2839 reipublicae
774 2761 923 2822 Romanae
949 2763 1119 2822 institutum
1146 2762 1276 2839 recepit,
1308 2761 1390 2838 quod
1417 2768 1450 2821 et

326 2863 489 2940 antiquitus
511 2862 703 2942 propagando
725 2864 853 2941 imperio
876 2865 1054 2923 inservierat
1076 2880 1174 2940 neque
1196 2861 1293 2922 multo
1322 2871 1394 2923 ante
1416 2864 1448 2922 in

326 2963 418 3024 Gallia
433 2964 645 3042 Transpadana
668 2962 758 3024 simili
773 2964 861 3023 modo
884 2970 948 3024 erat
963 2962 1143 3033 adhibitum,
1167 2966 1214 3024 ius
1228 2962 1345 3024 scilicet
1359 2964 1448 3028 Latii,

325 3068 410 3126 cuius
437 3084 494 3126 usu
522 3064 557 3126 ad
580 3064 698 3143 plenam
727 3065 873 3125 civitatem
904 3070 1023 3125 exterae
1045 3071 1150 3142 gentes
1177 3073 1447 3144 praepararentur.

326 3166 408 3237 Quae
430 3167 530 3225 omnia
552 3167 629 3226 sicut
651 3183 757 3244 magno
781 3172 810 3225 et
831 3164 948 3226 liberali
969 3166 1088 3242 ingenio
1112 3172 1255 3244 concepta
1279 3173 1383 3236 erant,
1408 3169 1450 3229 ita

327 3265 429 3326 eadem
452 3265 614 3326 liberalitas
635 3268 667 3326 in
690 3265 857 3327 minoribus
878 3266 970 3327 rebus
992 3266 1098 3336 elucet,
1123 3269 1155 3327 11
1178 3285 1322 3327 concesso
1349 3271 1448 3328 omni·

325 3367 382 3427 bus
414 3365 526 3426 Latinis
557 3368 726 3445 provinciae
759 3368 875 3446 oppidis
911 3366 1112 3446 splendidiore
1146 3367 1280 3429 coloniae
1313 3372 1449 3439 nomine,

326 3484 505 3544 quamquam
533 3466 666 3528 coloniae
696 3487 732 3527 eo
764 3487 825 3529 uon
854 3475 940 3530 erant
968 3468 1126 3538 deductae,
1158 3475 1187 3528 et
1216 3471 1248 3529 in
1270 3478 1451 3548 praetorum

326 3565 411 3627 titulo
434 3568 470 3627 ad
492 3567 639 3629 Narbouis
663 3568 832 3648 exemplum
853 3567 932 3630 haud
955 3569 1043 3629 dubie
1066 3569 1290 3648 magistratibus
1313 3575 1452 3634 omnium

326 3667 506 3746 oppidorum
521 3669 623 3730 ltalico
645 3669 734 3730 modo
757 3672 986 3732 constitutorum
1008 3669 1121 3730 tributo
1144 3690 1179 3732 ea
1194 3679 1309 3742 aetate,
1335 3691 1396 3751 qua
1418 3676 1452 3734 in

325 3767 408 3829 ltalia
431 3768 488 3828 hoc
509 3769 595 3831 titulo
610 3789 669 3830 non
693 3771 861 3848 gaudebant
882 3773 940 3832 nisi
962 3772 1071 3850 oppida
1087 3774 1265 3850 antiquiora.
1299 3764 1451 3854 Denique,

324 3869 355 3930 id
388 3871 467 3950 quod
501 3872 622 3930 maioris
655 3877 718 3930 1111
751 3873 908 3940 momenti,
941 3869 1029 3932 simili
1055 3871 1228 3934 liberalitati
1253 3874 1375 3938 tribuas
1404 3879 1454 3938 ius

325 3971 578 4033 Nemausensibus
601 3989 776 4034 eoncessum
791 3979 945 4046 arpenteos
959 3991 1098 4035 nummos
1114 3976 1265 4053 signandi;
1292 3977 1378 4055 quod
1393 3981 1453 4051 ius,
