3148 5160
352 448 414 510 234
743 443 827 499 rans
849 443 878 500 ll.
923 442 1029 498 CAPVT
1051 443 1082 498 ll.

354 632 445 674 unum
468 614 550 672 omni
571 610 697 689 imperio
710 627 878 671 commune
902 616 947 670 est
969 627 1065 688 penus
1087 608 1214 688 ideoque
1238 628 1315 670 unns
1330 608 1457 688 publicus
1535 647 1537 684 4

352 716 430 778 Deae
453 717 558 776 Vestae
581 711 693 780 cultus;
723 730 820 790 neque
848 713 942 790 magis
970 710 1077 772 desunt
1105 718 1134 771 et
1161 712 1254 772 cultui
1283 712 1398 773 urbano
1419 731 1456 772 re·
1535 693 1537 806 J

352 824 466 879 servata
490 821 559 876 sunt
580 815 752 894 pontificum
781 830 986 893 augurumque
1015 813 1146 892 collegia.
1192 814 1267 874 Sunt
1295 821 1395 875 autem
1421 834 1456 876 sa·
1535 809 1537 830 ¹

352 919 486 980 cerdotes
508 915 702 995 municipales
732 934 790 976 non
820 918 917 976 minus
946 933 1033 995 quam
1064 917 1171 977 urbani
1192 935 1253 976 non
1276 919 1384 986 annui,
1415 915 1457 976 sed
1537 971 1538 1004 ζ

350 1021 489 1101 perpetui
512 1018 592 1100 (450.
618 1018 688 1098 613)
712 1025 916 1097 gerunturque
938 1017 975 1078 ab
997 1018 1116 1088 iisdem,
1146 1021 1197 1098 qui
1219 1019 1255 1078 ad
1276 1021 1458 1100 magistratus
1535 1029 1538 1078 ἶ

351 1119 546 1200 municipales
568 1119 734 1181 ordinarios
757 1120 962 1189 admittuntur,
986 1120 1113 1199 ideoque
1137 1127 1332 1181 recensentur
1355 1121 1458 1181 medios

351 1226 428 1285 inter
457 1222 589 1299 reliquos
616 1221 852 1308 honoresrsoli
880 1222 1054 1299 haruspices
1083 1220 1268 1300 eligebantur
1297 1242 1333 1282 ex
1363 1224 1459 1283 ordino
1536 1205 1538 1234 l

351 1326 541 1394 libertorum,
572 1330 605 1385 ut
626 1323 776 1404 haruspex
797 1323 847 1384 ille
870 1323 1094 1394 Nemausensis‚
1120 1326 1170 1402 qui
1193 1324 1280 1385 simul
1303 1331 1369 1385 erat
1391 1325 1460 1384 sevir
1538 1303 1539 1316 ¹

351 1425 520 1504 Augustalis
553 1424 659 1508 (189).
695 1426 785 1503 idque
819 1432 1052 1486 consentaneum
1083 1431 1146 1486 erat
1174 1426 1279 1504 gradui
1308 1425 1459 1504 dignitatis,

352 1546 441 1606 quem
463 1530 492 1588 in
516 1529 718 1588 Romanorum
747 1528 981 1588 sacerdotiorum
1011 1527 1114 1588 ordine
1143 1527 1317 1607 haruspices
1340 1546 1458 1607 occupa·

351 1630 431 1691 bant.
478 1630 637 1691 Praeterea
665 1629 859 1690 memorabile
888 1637 947 1700 est,
978 1629 1058 1708 quod
1086 1649 1174 1690 unam
1203 1628 1383 1690 llaminicam
1413 1631 1459 1690 lla-

351 1734 480 1793 siensem
504 1749 628 1792 uxorem
652 1732 770 1809 quidem
794 1732 928 1792 videmus
957 1750 1022 1792 esse
1051 1733 1140 1792 seviri
1162 1731 1344 1809 Augustalis,
1374 1733 1459 1810 ipsam

351 1852 421 1894 vero
450 1836 610 1913 ingenuam
640 1831 730 1913 (434).
777 1834 858 1894 lnter
886 1836 949 1914 ipsa
978 1841 1076 1894 autem
1105 1833 1284 1903 sacerdotia,
1313 1836 1339 1894 si
1367 1833 1460 1894 titulos

351 1937 470 1997 coniers
500 1941 593 2004 326³.
625 1940 696 2003 327.
727 1941 788 2003 330
812 1943 841 1995 et
869 1941 940 2004 589.
965 1942 1042 2007 591,
1066 1937 1092 1996 is
1120 1943 1221 1997 certus
1249 1935 1323 1997 ordo
1351 1935 1461 1996 videtur

350 2039 571 2108 intercessisse,
596 2044 628 2098 ut
650 2055 744 2116 augur
766 2039 903 2118 superior
927 2043 1005 2098 esset
1027 2037 1160 2108 flamine:
1188 2039 1321 2117 pontifex
1345 2055 1459 2115 augure,

350 2139 497 2218 pontificis
525 2146 623 2201 autem
654 2140 781 2218 dignitas
811 2157 905 2216 aeque
929 2141 1050 2218 auguris
1069 2145 1246 2221 sequeretur
1268 2139 1459 2200 sacerdotium

351 2249 440 2319 atque
463 2241 598 2304 llaminis.

437 2343 601 2420 Singularis
631 2342 759 2422 denique
789 2343 885 2406 cultus
914 2344 1039 2405 Romani
1072 2345 1196 2404 imitatio
1231 2351 1276 2404 est
1300 2345 1460 2404 institutum

352 2444 557 2524 Lupercorum
586 2445 833 2506 Nemausensium
858 2447 901 2528 (n.
927 2450 988 2513 106
1012 2444 1090 2525 su),
1121 2447 1177 2505 nisi
1199 2447 1277 2506 lorte
1300 2444 1388 2505 ambo
1408 2444 1475 2530 Ne·¹

352 2565 540 2616 mausenses,
571 2548 621 2625 qui
649 2547 706 2608 hoc
734 2547 900 2608 sacerdotio
930 2549 1064 2626 insignes
1093 2555 1175 2617 sunt,
1196 2555 1241 2608 ·ut
1274 2548 1326 2626 qui
1354 2549 1461 2624 equites

354 2667 429 2728 equo
452 2647 571 2727 publico
594 2648 714 2718 luerint,
738 2647 879 2710 Romanis
901 2649 1045 2730 Lupercis
1067 2658 1137 2711 sunt
1158 2649 1382 2710 adnumerandi.

429 2749 546 2810 Eiectos
559 2768 624 2811 esse
636 2751 805 2812 sacerdotes
815 2751 1008 2830 municipales
1020 2750 1057 2812 ab
1069 2751 1181 2820 ordine,
1195 2769 1285 2831 supra
1298 2753 1337 2832 (p.
1346 2750 1458 2828 211sq.)

357 2854 523 2914 statuimus.
576 2854 686 2913 Verum
720 2859 778 2922 est,
816 2860 929 2914 tantum
964 2852 1107 2933 exemplis
1136 2852 1353 2914 Viennensibus
1380 2853 1459 2912 unius

358 2955 483 3016 flaminis
508 2951 597 3035 (504)
623 2956 762 3015 etunius
789 2954 954 3017 flaminicae
978 2953 1070 3036 (518)
1100 2954 1128 3015 id
1155 2973 1244 3035 posse
1271 2954 1405 3034 probari;
1433 2959 1459 3012 at

353 3060 446 3119 ceteri
474 3057 593 3137 quidem
623 3075 682 3117 non
715 3056 854 3118 dicuntur
876 3059 1003 3118 instituti
1025 3057 1219 3118 decurionum
1247 3055 1376 3125 decreto,
1399 3057 1458 3132 quia

354 3178 408 3239 per
432 3177 463 3219 se
485 3159 514 3218 id
538 3157 780 3236 intellegebatur,
805 3158 957 3220 llaminum
981 3170 1079 3220 autem
1102 3157 1221 3218 illorum
1246 3159 1456 3222 Viennensium,

353 3262 414 3336 qui·
426 3259 524 3339 paullo
550 3268 619 3338 post
645 3262 816 3322 institutum
844 3263 967 3339 Augusti
993 3261 1156 3322 flaminium
1185 3259 1322 3320 videntur
1350 3261 1456 3324 vixisse,

352 3365 496 3422 intererat
524 3380 596 3440 prae
624 3380 656 3422 se
684 3364 780 3431 serre,
816 3362 851 3422 ad
884 3363 1034 3442 peculiare
1068 3362 1180 3423 ordinis
1208 3361 1361 3423 decretum
1387 3360 1457 3420 huno

354 3463 464 3524 cultum
487 3462 626 3542 huncque
652 3464 796 3525 honorem
825 3484 890 3526 esse
918 3465 1119 3526 referendum.
1168 3464 1369 3524 Rornanorum
1396 3478 1455 3520 vero

354 3564 588 3625 sacerdotiorum
616 3565 786 3645 exemplum
822 3565 868 3626 hic
898 3586 957 3628 non
986 3572 1085 3645 potest
1112 3567 1237 3644 respici;
1273 3583 1341 3625 nam
1371 3579 1455 3638 neque

355 3669 502 3746 cooptatio
525 3669 555 3727 in
579 3670 748 3747 municipiis
770 3675 888 3746 poterat
909 3667 1008 3728 locum
1033 3667 1159 3736 habere,
1192 3666 1243 3726 ubi
1270 3664 1390 3750 collegia
1410 3663 1454 3726 de·

355 3775 439 3829 erant
462 3768 661 3838 sacerdotum,
683 3787 782 3846 neque
805 3771 882 3830 sicut
904 3768 1015 3830 liberae
1030 3768 1212 3848 reipublicae
1228 3768 1375 3830 Romanae
1389 3774 1453 3827 tem·

353 3890 427 3951 pore
450 3878 526 3940 erat,
551 3872 630 3950 quod
653 3872 780 3931 comitiis
803 3873 913 3932 creatio
936 3870 1124 3933 sacerdotum
1146 3873 1378 3949 permitteretur.

438 3975 461 4035 Α
484 3972 687 4034 sacerdotibus
710 3975 868 4034 ordinariis
891 3972 984 4052 probe
1007 3972 1208 4049 distinguendi
1231 3978 1301 4032 sunt
1326 3973 1346 4032 ii
1367 3985 1454 4031 sacer·

355 4077 439 4137 dotes
462 4074 658 4152 singularium
680 4075 820 4144 deorum,
851 4077 983 4152 quinon
1013 4080 1097 4135 erant
1119 4073 1268 4145 llamines,
1299 4070 1455 4135 sacerdotes

354 4176 455 4237 Liberi
481 4177 587 4256 patris,
618 4193 742 4254 magnae
771 4177 859 4238 deum
886 4177 1000 4244 Matris,
1030 4176 1170 4237 sacerdos
1199 4169 1455 4252 quindecimviralis

354 4279 541 4339 Arausiensis
564 4279 635 4359 (450
659 4275 728 4358 sq.)‚
758 4282 823 4358 qui,
853 4297 920 4340 cum
951 4265 1122 4340 sacerdbtes
1147 4279 1297 4338 civitatum
1322 4277 1453 4340 dicantur,

358 4386 387 4438 et
408 4381 465 4458 ipsi
486 4397 542 4457 pro
565 4381 734 4459 municipiis
761 4388 845 4441 erant
866 4381 1006 4449 instituti,
1036 4379 1086 4439 sed
1117 4379 1229 4440 ordinis
1258 4378 1405 4439 inferioris
1431 4378 1456 4431 et
