<?xml version="1.0" encoding="UTF-8"?>
<!DOCTYPE html PUBLIC "-//W3C//DTD XHTML 1.0 Transitional//EN"
    "http://www.w3.org/TR/xhtml1/DTD/xhtml1-transitional.dtd">
<html xmlns="http://www.w3.org/1999/xhtml" xml:lang="en" lang="en">
 <head>
  <title>
</title>
<meta http-equiv="Content-Type" content="text/html;charset=utf-8" />
  <meta name='ocr-system' content='tesseract 3.04.00' />
  <meta name='ocr-capabilities' content='ocr_page ocr_carea ocr_par ocr_line ocrx_word'/>
</head>
<body>
  <div class='ocr_page' id='page_1' title='image "./galliaenarbonen01herzgoog_0281.png"; bbox 0 0 3124 5168; ppageno 0'>
   <div class='ocr_carea' id='block_1_1' title="bbox 118 1282 1272 2534">
    <p class='ocr_par' dir='ltr' id='par_1_1' title="bbox 118 1282 1272 2534">
     <span class='ocr_line' id='line_1_1' title="bbox 118 1282 1270 1416; baseline 0.001 -23"><span class='ocrx_word' id='word_1_1' title='bbox 118 1342 132 1358; x_wconf 76' lang='grc'><strong>“</strong></span> <span class='ocrx_word' id='word_1_2' title='bbox 237 1282 286 1394; x_wconf 77' lang='lat' dir='ltr'>ln</span> <span class='ocrx_word' id='word_1_3' title='bbox 318 1325 519 1391; x_wconf 86' lang='lat' dir='ltr'>conficienda</span> <span class='ocrx_word' id='word_1_4' title='bbox 551 1327 613 1391; x_wconf 92' lang='lat' dir='ltr'>hac</span> <span class='ocrx_word' id='word_1_5' title='bbox 647 1325 837 1392; x_wconf 81' lang='lat' dir='ltr'>collectione</span> <span class='ocrx_word' id='word_1_6' title='bbox 872 1307 1090 1414; x_wconf 82' lang='lat' dir='ltr'>epigraphica</span> <span class='ocrx_word' id='word_1_7' title='bbox 1109 1351 1193 1416; x_wconf 90' lang='lat' dir='ltr'>quae</span> <span class='ocrx_word' id='word_1_8' title='bbox 1222 1351 1270 1394; x_wconf 91' lang='lat' dir='ltr'>se-</span> 
     </span>
     <span class='ocr_line' id='line_1_2' title="bbox 152 1427 1271 1516; baseline 0.002 -22"><span class='ocrx_word' id='word_1_9' title='bbox 152 1427 282 1516; x_wconf 88' lang='lat' dir='ltr'>quenda</span> <span class='ocrx_word' id='word_1_10' title='bbox 310 1435 397 1492; x_wconf 91' lang='lat' dir='ltr'>esset</span> <span class='ocrx_word' id='word_1_11' title='bbox 422 1429 523 1511; x_wconf 88' lang='lat' dir='ltr'>ratio,</span> <span class='ocrx_word' id='word_1_12' title='bbox 553 1427 742 1514; x_wconf 88' lang='lat' dir='ltr'>simpliciter</span> <span class='ocrx_word' id='word_1_13' title='bbox 768 1429 949 1515; x_wconf 81' lang='lat' dir='ltr'>praescribi</span> <span class='ocrx_word' id='word_1_14' title='bbox 976 1430 1070 1496; x_wconf 90' lang='lat' dir='ltr'>nobis</span> <span class='ocrx_word' id='word_1_15' title='bbox 1097 1431 1271 1498; x_wconf 88' lang='lat' dir='ltr'>videbatur</span> 
     </span>
     <span class='ocr_line' id='line_1_3' title="bbox 152 1530 1271 1618; baseline 0.002 -21"><span class='ocrx_word' id='word_1_16' title='bbox 152 1530 298 1612; x_wconf 90' lang='lat' dir='ltr'>consilio,</span> <span class='ocrx_word' id='word_1_17' title='bbox 321 1530 374 1594; x_wconf 93' lang='lat' dir='ltr'>cui</span> <span class='ocrx_word' id='word_1_18' title='bbox 397 1530 495 1594; x_wconf 88' lang='lat' dir='ltr'>debet</span> <span class='ocrx_word' id='word_1_19' title='bbox 515 1531 689 1596; x_wconf 89' lang='lat' dir='ltr'>inservire:</span> <span class='ocrx_word' id='word_1_20' title='bbox 715 1552 798 1618; x_wconf 86' lang='lat' dir='ltr'>quae</span> <span class='ocrx_word' id='word_1_21' title='bbox 821 1532 907 1596; x_wconf 91' lang='lat' dir='ltr'>enim</span> <span class='ocrx_word' id='word_1_22' title='bbox 929 1532 1096 1618; x_wconf 90' lang='lat' dir='ltr'>praecedit</span> <span class='ocrx_word' id='word_1_23' title='bbox 1116 1533 1271 1599; x_wconf 86' lang='lat' dir='ltr'>historica</span> 
     </span>
     <span class='ocr_line' id='line_1_4' title="bbox 152 1631 1271 1722; baseline 0.002 -24"><span class='ocrx_word' id='word_1_24' title='bbox 152 1633 194 1698; x_wconf 91' lang='lat' dir='ltr'>de</span> <span class='ocrx_word' id='word_1_25' title='bbox 222 1633 391 1718; x_wconf 86' lang='lat' dir='ltr'>provincia</span> <span class='ocrx_word' id='word_1_26' title='bbox 411 1631 617 1698; x_wconf 83' lang='lat' dir='ltr'>Narbonensi</span> <span class='ocrx_word' id='word_1_27' title='bbox 643 1633 841 1715; x_wconf 79' lang='lat' dir='ltr'>dissertatio,</span> <span class='ocrx_word' id='word_1_28' title='bbox 872 1656 945 1699; x_wconf 91' lang='lat' dir='ltr'>cum</span> <span class='ocrx_word' id='word_1_29' title='bbox 966 1633 1087 1719; x_wconf 84' lang='lat' dir='ltr'>magna</span> <span class='ocrx_word' id='word_1_30' title='bbox 1114 1644 1271 1722; x_wconf 84' lang='lat' dir='ltr'>exparte</span> 
     </span>
     <span class='ocr_line' id='line_1_5' title="bbox 151 1734 1271 1824; baseline 0.002 -24"><span class='ocrx_word' id='word_1_31' title='bbox 151 1737 276 1802; x_wconf 85' lang='lat' dir='ltr'>nitatur</span> <span class='ocrx_word' id='word_1_32' title='bbox 297 1734 497 1800; x_wconf 85' lang='lat' dir='ltr'>documentis</span> <span class='ocrx_word' id='word_1_33' title='bbox 520 1735 755 1820; x_wconf 88' lang='lat' dir='ltr'>epigraphicis,</span> <span class='ocrx_word' id='word_1_34' title='bbox 778 1756 883 1822; x_wconf 92' lang='lat' dir='ltr'>neque</span> <span class='ocrx_word' id='word_1_35' title='bbox 905 1757 982 1801; x_wconf 90' lang='lat' dir='ltr'>vero</span> <span class='ocrx_word' id='word_1_36' title='bbox 1005 1735 1073 1801; x_wconf 86' lang='lat' dir='ltr'>ulla</span> <span class='ocrx_word' id='word_1_37' title='bbox 1095 1745 1186 1802; x_wconf 84' lang='lat' dir='ltr'>extet</span> <span class='ocrx_word' id='word_1_38' title='bbox 1207 1737 1271 1824; x_wconf 85' lang='lat' dir='ltr'>syl-</span> 
     </span>
     <span class='ocr_line' id='line_1_6' title="bbox 151 1835 1270 1925; baseline 0.002 -24"><span class='ocrx_word' id='word_1_39' title='bbox 151 1839 226 1924; x_wconf 85' lang='lat' dir='ltr'>loge</span> <span class='ocrx_word' id='word_1_40' title='bbox 249 1836 391 1901; x_wconf 91' lang='lat' dir='ltr'>omnium</span> <span class='ocrx_word' id='word_1_41' title='bbox 412 1835 509 1901; x_wconf 89' lang='lat' dir='ltr'>huius</span> <span class='ocrx_word' id='word_1_42' title='bbox 536 1836 724 1921; x_wconf 88' lang='lat' dir='ltr'>provinciae</span> <span class='ocrx_word' id='word_1_43' title='bbox 751 1837 1015 1923; x_wconf 86' lang='lat' dir='ltr'>inscriptionum,</span> <span class='ocrx_word' id='word_1_44' title='bbox 1039 1839 1081 1903; x_wconf 88' lang='lat' dir='ltr'>ad</span> <span class='ocrx_word' id='word_1_45' title='bbox 1103 1861 1200 1925; x_wconf 92' lang='lat' dir='ltr'>quam</span> <span class='ocrx_word' id='word_1_46' title='bbox 1222 1862 1270 1904; x_wconf 92' lang='lat' dir='ltr'>re-</span> 
     </span>
     <span class='ocr_line' id='line_1_7' title="bbox 150 1937 1271 2026; baseline 0.001 -23"><span class='ocrx_word' id='word_1_47' title='bbox 150 1940 337 2019; x_wconf 87' lang='lat' dir='ltr'>mittantur,</span> <span class='ocrx_word' id='word_1_48' title='bbox 366 1938 423 2024; x_wconf 92' lang='lat' dir='ltr'>qui</span> <span class='ocrx_word' id='word_1_49' title='bbox 449 1937 577 2022; x_wconf 90' lang='lat' dir='ltr'>legunt,</span> <span class='ocrx_word' id='word_1_50' title='bbox 611 1958 743 2003; x_wconf 88' lang='lat' dir='ltr'>necesse</span> <span class='ocrx_word' id='word_1_51' title='bbox 772 1948 855 2020; x_wconf 90' lang='lat' dir='ltr'>erat,</span> <span class='ocrx_word' id='word_1_52' title='bbox 889 1959 1101 2025; x_wconf 86' lang='lat' dir='ltr'>quaecunque</span> <span class='ocrx_word' id='word_1_53' title='bbox 1129 1962 1187 2026; x_wconf 91' lang='lat' dir='ltr'>pro</span> <span class='ocrx_word' id='word_1_54' title='bbox 1217 1941 1271 2005; x_wconf 92' lang='lat' dir='ltr'>do-</span> 
     </span>
     <span class='ocr_line' id='line_1_8' title="bbox 151 2039 1271 2126; baseline -0.001 -20"><span class='ocrx_word' id='word_1_55' title='bbox 151 2040 310 2106; x_wconf 91' lang='lat' dir='ltr'>cumentis</span> <span class='ocrx_word' id='word_1_56' title='bbox 344 2039 510 2106; x_wconf 86' lang='lat' dir='ltr'>adhibitae</span> <span class='ocrx_word' id='word_1_57' title='bbox 541 2048 616 2104; x_wconf 88' lang='lat' dir='ltr'>sunt</span> <span class='ocrx_word' id='word_1_58' title='bbox 648 2040 890 2126; x_wconf 80' lang='lat' dir='ltr'>inscriptiones,</span> <span class='ocrx_word' id='word_1_59' title='bbox 922 2041 958 2104; x_wconf 93' lang='lat' dir='ltr'>in</span> <span class='ocrx_word' id='word_1_60' title='bbox 991 2063 1092 2104; x_wconf 89' lang='lat' dir='ltr'>unum</span> <span class='ocrx_word' id='word_1_61' title='bbox 1124 2041 1271 2106; x_wconf 90' lang='lat' dir='ltr'>libellum</span> 
     </span>
     <span class='ocr_line' id='line_1_9' title="bbox 151 2140 1272 2228; baseline 0 -20"><span class='ocrx_word' id='word_1_62' title='bbox 151 2150 284 2208; x_wconf 78' lang='lat' dir='ltr'>coactae</span> <span class='ocrx_word' id='word_1_63' title='bbox 304 2140 477 2206; x_wconf 88' lang='lat' dir='ltr'>historicae</span> <span class='ocrx_word' id='word_1_64' title='bbox 493 2141 690 2226; x_wconf 81' lang='lat' dir='ltr'>expositioni</span> <span class='ocrx_word' id='word_1_65' title='bbox 704 2142 987 2226; x_wconf 87' lang='lat' dir='ltr'>subiungerentur.</span> <span class='ocrx_word' id='word_1_66' title='bbox 1024 2141 1069 2206; x_wconf 85' lang='lat' dir='ltr'>Et</span> <span class='ocrx_word' id='word_1_67' title='bbox 1085 2142 1272 2228; x_wconf 85' lang='lat' dir='ltr'>recipienda</span> 
     </span>
     <span class='ocr_line' id='line_1_10' title="bbox 146 2241 1271 2334; baseline 0 -25"><span class='ocrx_word' id='word_1_68' title='bbox 146 2243 283 2330; x_wconf 89' lang='lat' dir='ltr'>quidem</span> <span class='ocrx_word' id='word_1_69' title='bbox 311 2253 404 2308; x_wconf 86' lang='lat' dir='ltr'>erant</span> <span class='ocrx_word' id='word_1_70' title='bbox 430 2243 493 2308; x_wconf 91' lang='lat' dir='ltr'>hac</span> <span class='ocrx_word' id='word_1_71' title='bbox 521 2241 710 2309; x_wconf 85' lang='lat' dir='ltr'>collectione</span> <span class='ocrx_word' id='word_1_72' title='bbox 744 2255 776 2309; x_wconf 90' lang='lat' dir='ltr'>et</span> <span class='ocrx_word' id='word_1_73' title='bbox 804 2244 911 2309; x_wconf 84' lang='lat' dir='ltr'>omnia</span> <span class='ocrx_word' id='word_1_74' title='bbox 947 2251 979 2307; x_wconf 90' lang='lat' dir='ltr'>et</span> <span class='ocrx_word' id='word_1_75' title='bbox 1007 2242 1077 2307; x_wconf 87' lang='lat' dir='ltr'>sola</span> <span class='ocrx_word' id='word_1_76' title='bbox 1104 2265 1157 2325; x_wconf 88' lang='lat' dir='ltr'>ea,</span> <span class='ocrx_word' id='word_1_77' title='bbox 1187 2267 1271 2334; x_wconf 88' lang='lat' dir='ltr'>quae</span> 
     </span>
     <span class='ocr_line' id='line_1_11' title="bbox 152 2335 1270 2432; baseline 0.002 -22"><span class='ocrx_word' id='word_1_78' title='bbox 152 2344 260 2432; x_wconf 88' lang='lat' dir='ltr'>aliquo</span> <span class='ocrx_word' id='word_1_79' title='bbox 282 2346 377 2410; x_wconf 90' lang='lat' dir='ltr'>modo</span> <span class='ocrx_word' id='word_1_80' title='bbox 408 2365 466 2431; x_wconf 91' lang='lat' dir='ltr'>pro</span> <span class='ocrx_word' id='word_1_81' title='bbox 493 2345 657 2410; x_wconf 81' lang='lat' dir='ltr'>historicis</span> <span class='ocrx_word' id='word_1_82' title='bbox 686 2335 887 2412; x_wconf 76' lang='lat' dir='ltr'>documentis</span> <span class='ocrx_word' id='word_1_83' title='bbox 914 2355 1048 2432; x_wconf 89' lang='lat' dir='ltr'>possent</span> <span class='ocrx_word' id='word_1_84' title='bbox 1070 2367 1156 2427; x_wconf 88' lang='lat' dir='ltr'>esse,</span> <span class='ocrx_word' id='word_1_85' title='bbox 1184 2347 1270 2412; x_wconf 90' lang='lat' dir='ltr'>unde</span> 
     </span>
     <span class='ocr_line' id='line_1_12' title="bbox 151 2445 1271 2534; baseline 0.001 -22"><span class='ocrx_word' id='word_1_86' title='bbox 151 2448 368 2534; x_wconf 86' lang='lat' dir='ltr'>consequitur,</span> <span class='ocrx_word' id='word_1_87' title='bbox 391 2445 476 2513; x_wconf 91' lang='lat' dir='ltr'>hanc</span> <span class='ocrx_word' id='word_1_88' title='bbox 492 2446 638 2533; x_wconf 86' lang='lat' dir='ltr'>syllogen</span> <span class='ocrx_word' id='word_1_89' title='bbox 646 2495 655 2530; x_wconf 91' lang='lat'>,</span> <span class='ocrx_word' id='word_1_90' title='bbox 680 2448 722 2512; x_wconf 91' lang='lat' dir='ltr'>ad</span> <span class='ocrx_word' id='word_1_91' title='bbox 736 2469 907 2512; x_wconf 89' lang='lat' dir='ltr'>numerum</span> <span class='ocrx_word' id='word_1_92' title='bbox 921 2449 1169 2534; x_wconf 86' lang='lat' dir='ltr'>inscriptionum</span> <span class='ocrx_word' id='word_1_93' title='bbox 1183 2449 1271 2534; x_wconf 93' lang='lat' dir='ltr'>quod</span> 
     </span>
    </p>
   </div>
   <div class='ocr_carea' id='block_1_2' title="bbox 28 2551 1271 2636">
    <p class='ocr_par' dir='ltr' id='par_1_2' title="bbox 28 2551 1271 2636">
     <span class='ocr_line' id='line_1_13' title="bbox 28 2551 1271 2636; baseline 0 -22"><span class='ocrx_word' id='word_1_94' title='bbox 28 2619 31 2623; x_wconf 63' lang='grc'><strong>,</strong></span> <span class='ocrx_word' id='word_1_95' title='bbox 151 2551 285 2631; x_wconf 80' lang='lat' dir='ltr'>attinet,</span> <span class='ocrx_word' id='word_1_96' title='bbox 319 2571 361 2614; x_wconf 85' lang='lat' dir='ltr'>ex</span> <span class='ocrx_word' id='word_1_97' title='bbox 395 2571 461 2614; x_wconf 86' lang='lat' dir='ltr'>una</span> <span class='ocrx_word' id='word_1_98' title='bbox 487 2557 580 2635; x_wconf 89' lang='lat' dir='ltr'>parte</span> <span class='ocrx_word' id='word_1_99' title='bbox 611 2551 832 2635; x_wconf 87' lang='lat' dir='ltr'>angustiorem</span> <span class='ocrx_word' id='word_1_100' title='bbox 860 2551 952 2636; x_wconf 90' lang='lat' dir='ltr'>sequi</span> <span class='ocrx_word' id='word_1_101' title='bbox 984 2551 1142 2616; x_wconf 90' lang='lat' dir='ltr'>rationem</span> <span class='ocrx_word' id='word_1_102' title='bbox 1173 2572 1271 2636; x_wconf 88' lang='lat' dir='ltr'>quam</span> 
     </span>
    </p>
   </div>
   <div class='ocr_carea' id='block_1_3' title="bbox 150 2651 1299 3960">
    <p class='ocr_par' dir='ltr' id='par_1_3' title="bbox 150 2651 1299 3960">
     <span class='ocr_line' id='line_1_14' title="bbox 153 2651 1270 2739; baseline 0 -23"><span class='ocrx_word' id='word_1_103' title='bbox 153 2673 290 2738; x_wconf 88' lang='lat' dir='ltr'>corpora</span> <span class='ocrx_word' id='word_1_104' title='bbox 310 2672 397 2728; x_wconf 89' lang='lat' dir='ltr'>mere</span> <span class='ocrx_word' id='word_1_105' title='bbox 419 2651 630 2738; x_wconf 89' lang='lat' dir='ltr'>epigraphica</span> <span class='ocrx_word' id='word_1_106' title='bbox 658 2651 701 2717; x_wconf 89' lang='lat' dir='ltr'>ad</span> <span class='ocrx_word' id='word_1_107' title='bbox 727 2673 826 2717; x_wconf 91' lang='lat' dir='ltr'>unam</span> <span class='ocrx_word' id='word_1_108' title='bbox 849 2652 992 2739; x_wconf 86' lang='lat' dir='ltr'>aliquam</span> <span class='ocrx_word' id='word_1_109' title='bbox 1013 2653 1179 2737; x_wconf 83' lang='lat' dir='ltr'>regionem</span> <span class='ocrx_word' id='word_1_110' title='bbox 1200 2673 1270 2738; x_wconf 91' lang='lat' dir='ltr'>per-</span> 
     </span>
     <span class='ocr_line' id='line_1_15' title="bbox 151 2752 1271 2840; baseline -0.001 -22"><span class='ocrx_word' id='word_1_111' title='bbox 151 2753 298 2835; x_wconf 85' lang='lat' dir='ltr'>tinentia,</span> <span class='ocrx_word' id='word_1_112' title='bbox 326 2775 368 2818; x_wconf 86' lang='lat' dir='ltr'>ex</span> <span class='ocrx_word' id='word_1_113' title='bbox 395 2752 498 2819; x_wconf 86' lang='lat' dir='ltr'>altera</span> <span class='ocrx_word' id='word_1_114' title='bbox 524 2763 618 2839; x_wconf 90' lang='lat' dir='ltr'>parte</span> <span class='ocrx_word' id='word_1_115' title='bbox 640 2755 796 2818; x_wconf 88' lang='lat' dir='ltr'>latiorem.</span> <span class='ocrx_word' id='word_1_116' title='bbox 847 2753 995 2840; x_wconf 88' lang='lat' dir='ltr'>Namque</span> <span class='ocrx_word' id='word_1_117' title='bbox 1024 2763 1061 2818; x_wconf 89' lang='lat' dir='ltr'>ut</span> <span class='ocrx_word' id='word_1_118' title='bbox 1087 2752 1271 2819; x_wconf 82' lang='lat' dir='ltr'>reiciendas</span> 
     </span>
     <span class='ocr_line' id='line_1_16' title="bbox 152 2853 1271 2943; baseline -0.003 -23"><span class='ocrx_word' id='word_1_119' title='bbox 152 2864 254 2938; x_wconf 89' lang='lat' dir='ltr'>erant,</span> <span class='ocrx_word' id='word_1_120' title='bbox 277 2877 489 2943; x_wconf 88' lang='lat' dir='ltr'>quaecunque</span> <span class='ocrx_word' id='word_1_121' title='bbox 510 2876 600 2920; x_wconf 88' lang='lat' dir='ltr'>mera</span> <span class='ocrx_word' id='word_1_122' title='bbox 621 2857 753 2920; x_wconf 90' lang='lat' dir='ltr'>nomina</span> <span class='ocrx_word' id='word_1_123' title='bbox 772 2857 938 2920; x_wconf 90' lang='lat' dir='ltr'>continent</span> <span class='ocrx_word' id='word_1_124' title='bbox 952 2855 1178 2938; x_wconf 87' lang='lat' dir='ltr'>inscriptiones</span> <span class='ocrx_word' id='word_1_125' title='bbox 1201 2853 1271 2918; x_wconf 89' lang='lat' dir='ltr'>vul·</span> 
     </span>
     <span class='ocr_line' id='line_1_17' title="bbox 150 2955 1299 3044; baseline -0.003 -22"><span class='ocrx_word' id='word_1_126' title='bbox 150 2980 256 3044; x_wconf 83' lang='lat' dir='ltr'>geres,</span> <span class='ocrx_word' id='word_1_127' title='bbox 290 2959 338 3023; x_wconf 89' lang='lat' dir='ltr'>ita</span> <span class='ocrx_word' id='word_1_128' title='bbox 369 2958 576 3044; x_wconf 89' lang='lat' dir='ltr'>recipiendae</span> <span class='ocrx_word' id='word_1_129' title='bbox 603 2977 668 3022; x_wconf 93' lang='lat' dir='ltr'>non</span> <span class='ocrx_word' id='word_1_130' title='bbox 695 2957 815 3039; x_wconf 87' lang='lat' dir='ltr'>solum,</span> <span class='ocrx_word' id='word_1_131' title='bbox 849 2978 932 3044; x_wconf 89' lang='lat' dir='ltr'>quae</span> <span class='ocrx_word' id='word_1_132' title='bbox 965 2957 1051 3020; x_wconf 86' lang='lat' dir='ltr'>intra</span> <span class='ocrx_word' id='word_1_133' title='bbox 1083 2955 1271 3040; x_wconf 86' lang='lat' dir='ltr'>provinciae</span> <span class='ocrx_word' id='word_1_134' title='bbox 1297 2998 1299 3003; x_wconf 92' lang='lat'>-</span> 
     </span>
     <span class='ocr_line' id='line_1_18' title="bbox 150 3055 1271 3146; baseline -0.004 -22"><span class='ocrx_word' id='word_1_135' title='bbox 150 3060 231 3125; x_wconf 90' lang='lat' dir='ltr'>fines</span> <span class='ocrx_word' id='word_1_136' title='bbox 246 3070 395 3146; x_wconf 89' lang='lat' dir='ltr'>repertae</span> <span class='ocrx_word' id='word_1_137' title='bbox 412 3070 496 3140; x_wconf 90' lang='lat' dir='ltr'>sunt,</span> <span class='ocrx_word' id='word_1_138' title='bbox 519 3060 576 3124; x_wconf 89' lang='lat' dir='ltr'>sed</span> <span class='ocrx_word' id='word_1_139' title='bbox 594 3060 692 3124; x_wconf 87' lang='lat' dir='ltr'>etiam</span> <span class='ocrx_word' id='word_1_140' title='bbox 710 3079 793 3145; x_wconf 88' lang='lat' dir='ltr'>quae</span> <span class='ocrx_word' id='word_1_141' title='bbox 808 3058 851 3122; x_wconf 86' lang='lat' dir='ltr'>ad</span> <span class='ocrx_word' id='word_1_142' title='bbox 865 3058 1087 3123; x_wconf 88' lang='lat' dir='ltr'>Narbonensis</span> <span class='ocrx_word' id='word_1_143' title='bbox 1101 3055 1271 3121; x_wconf 90' lang='lat' dir='ltr'>historiam</span> 
     </span>
     <span class='ocr_line' id='line_1_19' title="bbox 150 3151 1271 3248; baseline -0.004 -22"><span class='ocrx_word' id='word_1_144' title='bbox 150 3162 366 3248; x_wconf 87' lang='lat' dir='ltr'>institutaque</span> <span class='ocrx_word' id='word_1_145' title='bbox 383 3151 584 3248; x_wconf 79' lang='lat' dir='ltr'>pertinentes</span> <span class='ocrx_word' id='word_1_146' title='bbox 600 3159 730 3226; x_wconf 90' lang='lat' dir='ltr'>aliunde</span> <span class='ocrx_word' id='word_1_147' title='bbox 747 3168 898 3247; x_wconf 89' lang='lat' dir='ltr'>poterant</span> <span class='ocrx_word' id='word_1_148' title='bbox 913 3160 1028 3246; x_wconf 90' lang='lat' dir='ltr'>repeti.</span> <span class='ocrx_word' id='word_1_149' title='bbox 1065 3159 1271 3224; x_wconf 90' lang='lat' dir='ltr'>Documenta</span> 
     </span>
     <span class='ocr_line' id='line_1_20' title="bbox 152 3260 1269 3349; baseline -0.004 -21"><span class='ocrx_word' id='word_1_150' title='bbox 152 3271 261 3328; x_wconf 89' lang='lat' dir='ltr'>autem</span> <span class='ocrx_word' id='word_1_151' title='bbox 282 3263 437 3329; x_wconf 90' lang='lat' dir='ltr'>historica</span> <span class='ocrx_word' id='word_1_152' title='bbox 456 3284 522 3327; x_wconf 93' lang='lat' dir='ltr'>non</span> <span class='ocrx_word' id='word_1_153' title='bbox 543 3264 567 3327; x_wconf 93' lang='lat' dir='ltr'>ii</span> <span class='ocrx_word' id='word_1_154' title='bbox 588 3271 715 3328; x_wconf 90' lang='lat' dir='ltr'>tantum</span> <span class='ocrx_word' id='word_1_155' title='bbox 736 3263 823 3327; x_wconf 90' lang='lat' dir='ltr'>tituli</span> <span class='ocrx_word' id='word_1_156' title='bbox 844 3271 935 3345; x_wconf 88' lang='lat' dir='ltr'>sunt,</span> <span class='ocrx_word' id='word_1_157' title='bbox 959 3262 1015 3349; x_wconf 88' lang='lat' dir='ltr'>qui</span> <span class='ocrx_word' id='word_1_158' title='bbox 1034 3260 1269 3349; x_wconf 88' lang='lat' dir='ltr'>memorabilio-</span> 
     </span>
     <span class='ocr_line' id='line_1_21' title="bbox 151 3362 1267 3450; baseline -0.002 -22"><span class='ocrx_word' id='word_1_159' title='bbox 151 3387 203 3429; x_wconf 87' lang='lat' dir='ltr'>res</span> <span class='ocrx_word' id='word_1_160' title='bbox 225 3387 276 3430; x_wconf 90' lang='lat' dir='ltr'>res</span> <span class='ocrx_word' id='word_1_161' title='bbox 303 3375 430 3449; x_wconf 87' lang='lat' dir='ltr'>gestas,</span> <span class='ocrx_word' id='word_1_162' title='bbox 452 3364 598 3429; x_wconf 90' lang='lat' dir='ltr'>homines</span> <span class='ocrx_word' id='word_1_163' title='bbox 621 3366 832 3449; x_wconf 82' lang='lat' dir='ltr'>insigniores,</span> <span class='ocrx_word' id='word_1_164' title='bbox 856 3363 999 3450; x_wconf 89' lang='lat' dir='ltr'>aliquam</span> <span class='ocrx_word' id='word_1_165' title='bbox 1021 3364 1065 3427; x_wconf 93' lang='lat' dir='ltr'>rei</span> <span class='ocrx_word' id='word_1_166' title='bbox 1089 3362 1267 3447; x_wconf 88' lang='lat' dir='ltr'>municipa-</span> 
     </span>
     <span class='ocr_line' id='line_1_22' title="bbox 150 3463 1270 3552; baseline -0.002 -22"><span class='ocrx_word' id='word_1_167' title='bbox 150 3465 190 3531; x_wconf 90' lang='lat' dir='ltr'>lis</span> <span class='ocrx_word' id='word_1_168' title='bbox 218 3481 344 3552; x_wconf 90' lang='lat' dir='ltr'>partem</span> <span class='ocrx_word' id='word_1_169' title='bbox 373 3474 639 3547; x_wconf 89' lang='lat' dir='ltr'>commemorant,</span> <span class='ocrx_word' id='word_1_170' title='bbox 671 3465 728 3531; x_wconf 91' lang='lat' dir='ltr'>sed</span> <span class='ocrx_word' id='word_1_171' title='bbox 756 3467 853 3530; x_wconf 91' lang='lat' dir='ltr'>etiam</span> <span class='ocrx_word' id='word_1_172' title='bbox 884 3467 923 3547; x_wconf 91' lang='lat' dir='ltr'>ii,</span> <span class='ocrx_word' id='word_1_173' title='bbox 952 3465 1009 3550; x_wconf 92' lang='lat' dir='ltr'>qui</span> <span class='ocrx_word' id='word_1_174' title='bbox 1036 3464 1157 3528; x_wconf 89' lang='lat' dir='ltr'>tribum</span> <span class='ocrx_word' id='word_1_175' title='bbox 1187 3463 1270 3529; x_wconf 91' lang='lat' dir='ltr'>indi-</span> 
     </span>
     <span class='ocr_line' id='line_1_23' title="bbox 151 3565 1269 3656; baseline -0.003 -24"><span class='ocrx_word' id='word_1_176' title='bbox 151 3575 241 3649; x_wconf 87' lang='lat' dir='ltr'>cant,</span> <span class='ocrx_word' id='word_1_177' title='bbox 271 3571 324 3634; x_wconf 91' lang='lat' dir='ltr'>cui</span> <span class='ocrx_word' id='word_1_178' title='bbox 352 3570 424 3656; x_wconf 91' lang='lat' dir='ltr'>quis</span> <span class='ocrx_word' id='word_1_179' title='bbox 453 3567 638 3654; x_wconf 87' lang='lat' dir='ltr'>adscriptus</span> <span class='ocrx_word' id='word_1_180' title='bbox 667 3576 731 3650; x_wconf 88' lang='lat' dir='ltr'>est,</span> <span class='ocrx_word' id='word_1_181' title='bbox 765 3569 835 3632; x_wconf 86' lang='lat' dir='ltr'>sive</span> <span class='ocrx_word' id='word_1_182' title='bbox 863 3568 918 3653; x_wconf 92' lang='lat' dir='ltr'>qui</span> <span class='ocrx_word' id='word_1_183' title='bbox 945 3567 1077 3631; x_wconf 88' lang='lat' dir='ltr'>nomina</span> <span class='ocrx_word' id='word_1_184' title='bbox 1104 3565 1269 3630; x_wconf 89' lang='lat' dir='ltr'>continent</span> 
     </span>
     <span class='ocr_line' id='line_1_24' title="bbox 152 3666 1267 3751; baseline -0.005 -17"><span class='ocrx_word' id='word_1_185' title='bbox 152 3667 294 3751; x_wconf 80' lang='lat' dir='ltr'>Gallica,</span> <span class='ocrx_word' id='word_1_186' title='bbox 330 3670 407 3735; x_wconf 92' lang='lat' dir='ltr'>deos</span> <span class='ocrx_word' id='word_1_187' title='bbox 441 3678 693 3736; x_wconf 87' lang='lat' dir='ltr'>commemorant</span> <span class='ocrx_word' id='word_1_188' title='bbox 721 3668 864 3735; x_wconf 83' lang='lat' dir='ltr'>Gallicos</span> <span class='ocrx_word' id='word_1_189' title='bbox 898 3666 1172 3732; x_wconf 87' lang='lat' dir='ltr'>memorabiliores</span> <span class='ocrx_word' id='word_1_190' title='bbox 1206 3676 1267 3732; x_wconf 91' lang='lat' dir='ltr'>etc.</span> 
     </span>
     <span class='ocr_line' id='line_1_25' title="bbox 151 3767 1268 3858; baseline -0.003 -24"><span class='ocrx_word' id='word_1_191' title='bbox 151 3769 280 3856; x_wconf 84' lang='lat' dir='ltr'>Deinde</span> <span class='ocrx_word' id='word_1_192' title='bbox 301 3792 376 3837; x_wconf 92' lang='lat' dir='ltr'>cum</span> <span class='ocrx_word' id='word_1_193' title='bbox 397 3772 492 3858; x_wconf 87' lang='lat' dir='ltr'>longe</span> <span class='ocrx_word' id='word_1_194' title='bbox 514 3773 658 3837; x_wconf 87' lang='lat' dir='ltr'>maxima</span> <span class='ocrx_word' id='word_1_195' title='bbox 683 3771 799 3836; x_wconf 88' lang='lat' dir='ltr'>harum</span> <span class='ocrx_word' id='word_1_196' title='bbox 826 3771 1075 3856; x_wconf 90' lang='lat' dir='ltr'>inscriptionum</span> <span class='ocrx_word' id='word_1_197' title='bbox 1096 3790 1172 3854; x_wconf 89' lang='lat' dir='ltr'>pars</span> <span class='ocrx_word' id='word_1_198' title='bbox 1194 3767 1268 3853; x_wconf 91' lang='lat' dir='ltr'>plus</span> 
     </span>
     <span class='ocr_line' id='line_1_26' title="bbox 152 3869 1268 3960; baseline -0.004 -25"><span class='ocrx_word' id='word_1_199' title='bbox 152 3870 251 3936; x_wconf 87' lang='lat' dir='ltr'>semel</span> <span class='ocrx_word' id='word_1_200' title='bbox 278 3873 409 3958; x_wconf 89' lang='lat' dir='ltr'>quidem</span> <span class='ocrx_word' id='word_1_201' title='bbox 435 3874 560 3960; x_wconf 92' lang='lat' dir='ltr'>publici</span> <span class='ocrx_word' id='word_1_202' title='bbox 586 3874 667 3938; x_wconf 91' lang='lat' dir='ltr'>iuris</span> <span class='ocrx_word' id='word_1_203' title='bbox 696 3879 781 3936; x_wconf 90' lang='lat' dir='ltr'>esset</span> <span class='ocrx_word' id='word_1_204' title='bbox 809 3871 915 3953; x_wconf 86' lang='lat' dir='ltr'>facta,</span> <span class='ocrx_word' id='word_1_205' title='bbox 946 3871 1004 3936; x_wconf 93' lang='lat' dir='ltr'>sed</span> <span class='ocrx_word' id='word_1_206' title='bbox 1031 3873 1101 3954; x_wconf 69' lang='lat' dir='ltr'>ita,⁸</span> <span class='ocrx_word' id='word_1_207' title='bbox 1121 3876 1158 3934; x_wconf 92' lang='lat' dir='ltr'>ut</span> <span class='ocrx_word' id='word_1_208' title='bbox 1179 3869 1268 3954; x_wconf 90' lang='lat' dir='ltr'>leges</span> 
     </span>
    </p>
   </div>
   <div class='ocr_carea' id='block_1_4' title="bbox 137 3973 1268 4450">
    <p class='ocr_par' dir='ltr' id='par_1_4' title="bbox 137 3973 1268 4450">
     <span class='ocr_line' id='line_1_27' title="bbox 150 3973 1268 4062; baseline -0.004 -23"><span class='ocrx_word' id='word_1_209' title='bbox 150 3975 283 4040; x_wconf 85' lang='lat' dir='ltr'>criticae</span> <span class='ocrx_word' id='word_1_210' title='bbox 298 3997 414 4060; x_wconf 86' lang='lat' dir='ltr'>parum</span> <span class='ocrx_word' id='word_1_211' title='bbox 436 3975 609 4062; x_wconf 91' lang='lat' dir='ltr'>diligenter</span> <span class='ocrx_word' id='word_1_212' title='bbox 632 3976 772 4040; x_wconf 91' lang='lat' dir='ltr'>solerent</span> <span class='ocrx_word' id='word_1_213' title='bbox 794 3973 971 4054; x_wconf 86' lang='lat' dir='ltr'>observari,</span> <span class='ocrx_word' id='word_1_214' title='bbox 995 3973 1038 4037; x_wconf 86' lang='lat' dir='ltr'>ad</span> <span class='ocrx_word' id='word_1_215' title='bbox 1058 3991 1268 4057; x_wconf 86' lang='lat' dir='ltr'>unamquam-</span> 
     </span>
     <span class='ocr_line' id='line_1_28' title="bbox 151 4069 1268 4162; baseline -0.005 -22"><span class='ocrx_word' id='word_1_216' title='bbox 151 4097 213 4162; x_wconf 91' lang='lat' dir='ltr'>que</span> <span class='ocrx_word' id='word_1_217' title='bbox 234 4077 478 4162; x_wconf 89' lang='lat' dir='ltr'>inscriptionem</span> <span class='ocrx_word' id='word_1_218' title='bbox 506 4077 600 4142; x_wconf 89' lang='lat' dir='ltr'>crisis</span> <span class='ocrx_word' id='word_1_219' title='bbox 628 4077 838 4162; x_wconf 87' lang='lat' dir='ltr'>epigraphica</span> <span class='ocrx_word' id='word_1_220' title='bbox 860 4075 973 4140; x_wconf 89' lang='lat' dir='ltr'>debuit</span> <span class='ocrx_word' id='word_1_221' title='bbox 994 4073 1153 4138; x_wconf 88' lang='lat' dir='ltr'>adhiberi.</span> <span class='ocrx_word' id='word_1_222' title='bbox 1196 4069 1268 4142; x_wconf 87' lang='lat' dir='ltr'>Iam</span> 
     </span>
     <span class='ocr_line' id='line_1_29' title="bbox 137 4174 1266 4264; baseline -0.002 -24"><span class='ocrx_word' id='word_1_223' title='bbox 137 4199 228 4242; x_wconf 79' lang='lat' dir='ltr'>‚vero</span> <span class='ocrx_word' id='word_1_224' title='bbox 255 4178 360 4264; x_wconf 89' lang='lat' dir='ltr'>prima</span> <span class='ocrx_word' id='word_1_225' title='bbox 386 4179 519 4244; x_wconf 88' lang='lat' dir='ltr'>criticae</span> <span class='ocrx_word' id='word_1_226' title='bbox 542 4178 620 4243; x_wconf 87' lang='lat' dir='ltr'>artis</span> <span class='ocrx_word' id='word_1_227' title='bbox 642 4179 698 4242; x_wconf 85' lang='lat' dir='ltr'>lex</span> <span class='ocrx_word' id='word_1_228' title='bbox 720 4185 784 4258; x_wconf 89' lang='lat' dir='ltr'>est,</span> <span class='ocrx_word' id='word_1_229' title='bbox 813 4185 850 4241; x_wconf 92' lang='lat' dir='ltr'>ut</span> <span class='ocrx_word' id='word_1_230' title='bbox 877 4185 1034 4263; x_wconf 87' lang='lat' dir='ltr'>quantum</span> <span class='ocrx_word' id='word_1_231' title='bbox 1057 4174 1127 4237; x_wconf 89' lang='lat' dir='ltr'>fieri</span> <span class='ocrx_word' id='word_1_232' title='bbox 1148 4180 1266 4258; x_wconf 88' lang='lat' dir='ltr'>potest,</span> 
     </span>
     <span class='ocr_line' id='line_1_30' title="bbox 150 4277 1267 4365; baseline -0.004 -24"><span class='ocrx_word' id='word_1_233' title='bbox 150 4278 193 4344; x_wconf 88' lang='lat' dir='ltr'>ad</span> <span class='ocrx_word' id='word_1_234' title='bbox 214 4279 345 4345; x_wconf 92' lang='lat' dir='ltr'>ultimos</span> <span class='ocrx_word' id='word_1_235' title='bbox 368 4281 462 4365; x_wconf 82' lang='lat' dir='ltr'>quasi</span> <span class='ocrx_word' id='word_1_236' title='bbox 483 4280 589 4345; x_wconf 90' lang='lat' dir='ltr'>fontes</span> <span class='ocrx_word' id='word_1_237' title='bbox 612 4279 796 4360; x_wconf 83' lang='lat' dir='ltr'>recedatur3</span> <span class='ocrx_word' id='word_1_238' title='bbox 825 4299 922 4363; x_wconf 88' lang='lat' dir='ltr'>quam</span> <span class='ocrx_word' id='word_1_239' title='bbox 951 4277 992 4341; x_wconf 91' lang='lat' dir='ltr'>ob</span> <span class='ocrx_word' id='word_1_240' title='bbox 1019 4297 1088 4340; x_wconf 89' lang='lat' dir='ltr'>rem</span> <span class='ocrx_word' id='word_1_241' title='bbox 1104 4296 1188 4338; x_wconf 85' lang='lat' dir='ltr'>cum</span> <span class='ocrx_word' id='word_1_242' title='bbox 1216 4295 1267 4338; x_wconf 94' lang='lat' dir='ltr'>oc-</span> 
     </span>
     <span class='ocr_line' id='line_1_31' title="bbox 149 4375 1265 4450; baseline -0.002 -6"><span class='ocrx_word' id='word_1_243' title='bbox 149 4381 237 4445; x_wconf 85' lang='lat' dir='ltr'>casio</span> <span class='ocrx_word' id='word_1_244' title='bbox 260 4381 354 4445; x_wconf 92' lang='lat' dir='ltr'>nobis</span> <span class='ocrx_word' id='word_1_245' title='bbox 378 4390 464 4446; x_wconf 87' lang='lat' dir='ltr'>esset</span> <span class='ocrx_word' id='word_1_246' title='bbox 485 4403 527 4446; x_wconf 84' lang='lat' dir='ltr'>ex</span> <span class='ocrx_word' id='word_1_247' title='bbox 549 4381 647 4447; x_wconf 84' lang='lat' dir='ltr'>Italia</span> <span class='ocrx_word' id='word_1_248' title='bbox 667 4380 906 4447; x_wconf 81' lang='lat' dir='ltr'>revertentibus</span> <span class='ocrx_word' id='word_1_249' title='bbox 928 4397 1012 4444; x_wconf 87' lang='lat' dir='ltr'>anno</span> <span class='ocrx_word' id='word_1_250' title='bbox 1028 4383 1107 4450; x_wconf 88' lang='grc'>1861</span> <span class='ocrx_word' id='word_1_251' title='bbox 1125 4375 1265 4442; x_wconf 77' lang='lat' dir='ltr'>Galliam</span> 
     </span>
    </p>
   </div>
   <div class='ocr_carea' id='block_1_5' title="bbox 0 0 1566 5168">
    <p class='ocr_par' dir='ltr' id='par_1_5' title="bbox 0 0 1566 5168">
     <span class='ocr_line' id='line_1_32' title="bbox 0 0 1566 5168; baseline 0 0"><span class='ocrx_word' id='word_1_252' title='bbox 0 0 1566 5168; x_wconf 95' lang='lat' dir='ltr'> </span> 
     </span>
    </p>
   </div>
  </div>
 </body>
</html>
