3148 5160
518 449 603 506 PARS
624 449 654 506 ll.
697 449 802 506 CdPV'l
824 451 855 507 ll.
1176 455 1236 516 221

122 634 154 676 se
175 622 291 694 gestum
314 614 485 694 profitetur,
515 633 576 676 non
599 616 764 677 censendus
795 625 840 678 est
867 618 997 678 minores
1019 636 1079 679 non
1101 621 1238 696 gessisse,

120 720 211 778 immo
235 716 273 776 oh
295 716 324 776 id
347 718 444 796 ipsum
467 719 600 778 minores
622 724 760 798 poterant
782 720 892 788 omitti,
923 719 1000 799 quod
1022 739 1078 800 per
1100 739 1131 781 se
1153 720 1239 781 intel-

121 818 283 896 legebatur,
308 837 362 898 per
384 839 435 880 eos
458 819 493 879 ad
517 821 646 881 maiores
670 839 736 882 esse
758 827 941 900 perventum.
979 820 1022 882 Ab
1042 821 1133 883 altera
1155 829 1239 901 parte
1294 813 1299 829 '

122 921 235 998 siquis
260 922 405 982 minorem
427 921 571 982 habuerat
593 924 811 1000 magistratum,
842 942 877 982 eo
904 924 969 1003 ipso
999 923 1239 1001 quasidesigna·

64 1080 66 1084 .
121 1029 168 1082 tus
192 1029 256 1082 erat
278 1022 314 1083 ad
338 1023 559 1101 adipiscendum
583 1025 725 1084 maiorem
747 1031 873 1102 excepto
897 1025 1053 1094 Nemauso,
1078 1023 1240 1086 ubimulta

31 1113 33 1122 ¹
121 1122 206 1184 obvia
229 1131 297 1184 sunt
321 1123 455 1204 exempla
480 1142 598 1194 eorum,
629 1127 678 1202 qui
699 1130 768 1204 post
795 1131 983 1204 quaesturam
1011 1133 1040 1189 et
1061 1126 1239 1186 aedilitatem

121 1225 157 1286 ad
181 1225 358 1305 ampliorem
381 1227 552 1304 dignitatem
576 1246 636 1287 non
659 1235 860 1307 pervenerunt
890 1224 948 1306 (nn.
972 1224 1158 1306 134-147).
1203 1230 1240 1289 At

119 1329 151 1388 in
173 1327 419 1389 Nemausensium
443 1329 558 1390 civitate
581 1329 819 1407 frequentissima
837 1335 866 1388 et
881 1327 1113 1408 opulentissima,
1137 1347 1239 1408 quam-

120 1429 170 1490 diu
193 1429 320 1491 florebat
342 1436 434 1490 status
458 1430 520 1490 eius
543 1429 737 1509 reipublicae,
768 1447 918 1508 nunquam
941 1431 1077 1501 deerant,
1107 1433 1157 1508 qui
1185 1428 1239 1490 ho-

119 1550 212 1592 nores
239 1531 432 1611 municipales
461 1538 612 1610 peterent,
637 1532 813 1610 praesertim
843 1551 908 1593 cum
932 1534 1024 1610 gestis
1051 1534 1087 1594 iis
1117 1551 1239 1612 sperare

119 1639 253 1713 possent,
278 1652 310 1694 se
332 1633 476 1694 beneficio
499 1635 711 1713 imperatorum
735 1638 784 1692 aut
807 1652 882 1712 equo
904 1633 1023 1713 publico
1041 1635 1180 1696 donatum
1203 1636 1240 1694 iri

120 1741 170 1795 ant
191 1753 286 1812 usque
310 1734 344 1795 ad
362 1735 574 1815 amplissimum
596 1742 730 1796 senatum
745 1734 909 1796 Romanum
932 1743 1137 1816 perventuros,
1160 1735 1239 1797 unde

119 1838 313 1906 factumest,
342 1844 374 1896 ut
403 1838 451 1913 qui
480 1839 628 1898 minorum
651 1835 820 1897 facultatum
844 1844 943 1906 erant,
973 1840 1087 1898 minora
1116 1856 1240 1898 munera

119 1957 180 1999 non
205 1937 394 1998 excederent.
417 1975 459 1982 —
487 1938 530 1998 Ex
557 1940 671 2000 ratione
695 1946 791 1999 autem
815 1939 1037 2016 magistratuum
1060 1938 1239 2017 collegarum

120 2047 209 2100 etex
233 2045 316 2101 certo
339 2039 443 2100 ordine
471 2038 617 2101 honorum
647 2041 674 2100 ei
703 2041 752 2116 qui
778 2058 881 2118 parem
905 2039 1240 2124 maioremvehahehat

118 2147 308 2222 potestatem,
332 2142 377 2202 ius
400 2141 587 2220 competebat
608 2141 821 2202 intercedendi.
844 2175 886 2188 -
915 2141 1110 2202 Condiciones
1132 2142 1239 2203 deinde

120 2250 230 2312 status,
254 2261 376 2311 census,
401 2250 555 2320 quaestus,
584 2245 687 2303 aetatis
715 2243 935 2321 magistratibus
965 2243 1086 2304 eaedem
1114 2244 1177 2304 lere
1206 2263 1239 2304 ac

119 2343 333 2406 decurionibus
355 2347 557 2424 praescriptae
586 2351 671 2405 erant
697 2347 728 2404 in
757 2345 879 2406 coloniis
908 2347 1014 2406 civium
1036 2345 1239 2408 Romanorum

119 2447 186 2525 lege
209 2445 281 2515 Iulia
304 2445 484 2525 municipali,
508 2449 539 2507 in
561 2446 672 2506 Latinis
694 2447 811 2526 oppidis
833 2449 894 2508 suis
916 2449 1022 2528 cuique
1044 2446 1168 2526 legibus.

206 2549 340 2609 Praemia
363 2566 433 2609 vero
456 2546 566 2610 laboris
589 2567 648 2608 non
671 2550 763 2626 magis
786 2569 874 2628 quam
898 2551 1085 2628 magistratus
1108 2551 1239 2611 urbanos

119 2651 273 2730 accepisse
295 2649 505 2729 municipales
535 2651 593 2710 iam
616 2650 685 2710 inde
708 2658 846 2730 apparet,
877 2651 956 2730 quod
980 2658 1009 2711 et
1030 2652 1086 2731 ipsi
1109 2650 1239 2712 honores

120 2750 305 2813 dicebantur.
352 2751 445 2812 lmmo
469 2770 528 2811 non
551 2750 647 2811 solum
668 2751 791 2812 honoris
814 2752 865 2812 sed
889 2754 975 2812 etiam
992 2755 1124 2813 muneris
1145 2754 1238 2813 instar

120 2860 223 2922 erant,
252 2869 349 2930 neque
364 2850 472 2935 ¹solum
503 2854 552 2929 qui
575 2853 688 2914 inibant
710 2854 928 2930 magistratum,
958 2872 1102 2914 summam
1125 2853 1236 2932 pende-

118 2955 193 3016 bant
219 2952 408 3015 honorariam
418 2949 466 3031 154)
495 2954 540 3014 vel
571 2955 633 3014 eius
662 2953 727 3014 loco
756 2972 864 3015 munus
892 2954 1008 3033 aliquod
1035 2953 1145 3032 populo
1169 2954 1237 3013 ede·

119 3056 201 3126 bant,
225 3053 277 3116 sed
301 3056 388 3116 etiam
411 3057 441 3116 in
464 3057 529 3135 ipso
545 3057 717 3133 magistratu
735 3057 810 3115 varia
828 3056 1013 3135 suscipienda
1037 3061 1121 3115 erant
1135 3073 1236 3116 onera.

118 3155 297 3236 Exemplum
324 3175 394 3218 vero
422 3175 548 3217 onerum
577 3157 739 3218 candidatis
766 3157 964 3219 iniunctorum
992 3156 1084 3218 hahes
1107 3157 1137 3218 C.
1162 3148 1239 3217 lunii

118 3259 216 3320 Prisci
237 3257 417 3319 Arelatensis
447 3259 490 3340 (n,
517 3255 609 3338 325),
640 3260 690 3336 qui
718 3277 783 3318 cum
812 3258 1039 3336 quinquennalis
1067 3258 1238 3319 candidatus

120 3367 211 3430 esset,
235 3358 433 3438 municipibus
447 3359 668 3430 Arelatensibns
684 3359 930 3440 amphitheatrum
955 3361 1108 3421 exornavit
1123 3359 1238 3436 aliaque

120 3463 199 3523 dona
222 3461 317 3530 dedit,
346 3480 442 3541 nequo
466 3463 562 3522 minus
591 3461 648 3523 huc
670 3463 800 3541 pertinet
822 3461 918 3522 honor
940 3462 1043 3523 aedilis
1065 3462 1236 3530 munerarii,

119 3566 151 3624 in
175 3582 234 3643 quo
257 3581 348 3624 onera
369 3564 472 3642 utique
495 3562 659 3640 aequabant
681 3563 835 3624 honorem.

185 3667 242 3728 'At
265 3665 475 3744 compensabat
504 3684 579 3725 ortus
607 3673 726 3745 praeter
754 3664 876 3726 honoris
900 3674 1071 3728 ornamenta
1094 3673 1235 3746 potestas.

84 3822 89 3831 .
120 3769 202 3840 Quae
226 3766 321 3846 qualis
339 3773 368 3826 et
388 3773 495 3846 quanta
517 3768 548 3827 in
571 3783 686 3846 quoque
708 3766 856 3829 honorum
874 3767 967 3845 gradu
990 3769 1095 3838 luerit,
1114 3787 1150 3828 ex
1168 3786 1236 3846 pro·

119 3871 235 3930 vinciae
250 3874 371 3930 nostrae
386 3867 630 3947 inscriptionibus
645 3870 830 3948 paucissimis
849 3853 961 3929 tantum
981 3869 1124 3948 exemplis
1139 3875 1237 3947 potest

118 3970 272 4040 illustrari,
298 3976 328 4030 et
349 3989 386 4030 ne
409 3969 456 4031 lex
475 3969 592 4050 quidem
608 3970 679 4030 Iulia
697 3969 882 4048 municipalis
900 3970 1059 4049 quidquam
1076 3969 1161 4029 allert
1178 3969 1237 4028 nisi

114 4226 291 4292 perveniatur,
310 4227 420 4290 epistola
432 4225 490 4274 Divi
507 4226 550 4275 Pii
566 4227 601 4275 od
619 4223 743 4274 ditionum
759 4225 919 4288 exprimitur.
954 4221 1115 4285 Mommsen,
1134 4220 1236 4274 Stedtr.

116 4327 143 4377 p.
164 4312 326 4458 sslhdhqilfr.
343 4394 473 4456 Hennes,
492 4394 547 4447 ind.
568 4394 602 4445 ad
622 4391 708 4444 Orell.
727 4409 753 4460 p.
774 4394 831 4443 154.
