3148 5160
582 458 665 515 PARS
687 459 717 514 ll.
762 459 869 515 CAPVT
891 460 919 516 ll.
1252 463 1312 526 173

188 624 252 684 lem
275 625 422 684 rationem
446 641 481 684 ex
509 625 752 702 inscriptionibus
780 627 890 687 nostris
920 626 1053 687 videmus
1080 625 1155 687 hane
1183 627 1308 708 esse⁴⁹):

188 727 304 787 Natura
327 727 399 795 fert,
429 734 462 786 ut
484 744 560 804 quae
583 733 684 786 extant
704 729 913 806 inscriptiones
941 745 1082 806 pagorum
1106 730 1309 806 vicorumque,

187 845 289 906 prope
318 845 423 887 omnes
452 827 527 887 bane
549 829 901 910 'eorumcondicionem
928 828 1146 900 demonstrent,
1176 848 1248 908 qua,
1278 839 1311 891 ut
1404 898 1406 902 ,

188 928 265 989 dicit
286 929 392 989 Festus
415 929 461 1009 (p.
487 934 547 996 317
571 929 617 989 ed.
641 927 778 1008 Miller),
808 933 916 1010 partim
945 930 1055 991 habent
1084 931 1307 1010 rempublicam.

187 1030 334 1091 Videmus
354 1047 463 1109 pagum
478 1031 662 1091 Matavonem
680 1037 778 1091 votnm
794 1034 1006 1110 suscipientem
1032 1052 1088 1111 pro
1105 1031 1199 1094 salute
1214 1035 1308 1112 impe·

186 1135 301 1193 ratoris
315 1132 375 1193 Caii
395 1132 471 1214 (app.
486 1151 514 1192 n.
529 1131 618 1210 385),
636 1151 767 1212 paganos
783 1134 949 1194 Vordenses
967 1138 1095 1194 statuam
1111 1141 1238 1213 patrono
1254 1154 1308 1195 suo

187 1240 338 1314 ponentes
363 1235 402 1314 (n.
428 1231 515 1312 423),
546 1251 675 1312 paganos
703 1237 772 1314 pagi
794 1235 926 1295 Lucretii
953 1253 1088 1296 caussam
1112 1234 1219 1297 balinei
1241 1255 1307 1314 gra·

186 1337 269 1404 tuiti,
294 1335 373 1412 quod
394 1335 571 1398 beneficium
594 1337 630 1396 iis
646 1335 775 1397 ablatum
800 1343 871 1406 erat,
897 1345 925 1397 et
948 1355 1048 1398 coram
1071 1337 1258 1416 praesidibus
1281 1345 1310 1398 et

188 1455 294 1497 eoram
315 1423 449 1516 principe
472 1438 666 1498 defendentes
690 1437 728 1516 (n.
753 1437 840 1518 358),
870 1440 987 1499 vicanos
1011 1446 1040 1498 et
1060 1438 1257 1500 Albinnenses
1281 1447 1309 1498 et

187 1539 382 1599 Genavenses
410 1538 485 1599 dona
514 1541 693 1620 accipientes
722 1537 807 1618 (579.
833 1537 974 1619 589)'⁵⁰);
1005 1542 1171 1601 invenimus
1199 1539 1309 1600 aediles

186 1641 248 1700 vici
277 1639 412 1700 Genavae
440 1643 484 1721 (n.
515 1638 603 1720 595),
639 1643 707 1720 pagi
733 1642 847 1702 Aletani
882 1643 924 1723 (u.
955 1639 1053 1722 448),
1088 1644 1157 1723 pagi
1184 1643 1307 1720 bag...

96 1768 100 1774 ·
188 1742 232 1820 (n.
257 1741 344 1820 447),
368 1745 525 1820 magistros
547 1744 616 1821 pagi
636 1745 668 1802 in
690 1745 884 1823 inscriptione
907 1745 963 1804 vici
986 1745 1081 1804 Moucc
1104 1745 1142 1825 (u.
1168 1741 1234 1822 78),
1258 1745 1309 1820 qui

186 1845 381 1920 magistratus
404 1863 507 1904 omnes
531 1851 615 1904 erant
636 1864 652 1905 a
676 1847 784 1905 visanis
806 1847 865 1906 sive
881 1847 1003 1924 paganis
1019 1845 1113 1914 electi,
1137 1864 1196 1905 non
1219 1865 1234 1906 a
1257 1865 1306 1905 co·

184 1945 271 2004 lonia
292 1947 467 2025 praepositi;
490 1947 657 2007 invenimus
680 1946 808 2024 denique
830 1946 989 2025 patronum
1013 1954 1182 2025 cooptatum
1202 1948 1306 2006 aVor·
1362 2007 1367 2014 ,

186 2046 406 2128 ἀθηεὼυε’(υ.
432 2045 520 2126 423).
568 2050 605 2108 lt
633 2048 668 2109 ab
697 2047 789 2109 altera
816 2056 901 2127 perte
930 2049 1096 2109 invenimus
1123 2049 1308 2126 praelectum

184 2150 260 2227 pagi
281 2149 378 2227 Epetii
400 2151 461 2209 sive
485 2151 690 2226 magistratum
713 2168 774 2210 non
796 2169 811 2210 a
834 2151 956 2228 paganis
980 2149 1121 2226 electum,
1146 2149 1198 2208 sed
1221 2167 1306 2227 prae-

185 2251 322 2328 positum
351 2269 366 2308 a
394 2252 569 2327 magistratu
603 2252 736 2313 coloniae
769 2270 824 2313 nec
852 2252 909 2311 nisi
942 2253 1005 2311 eius
1034 2252 1095 2312 vice
1122 2252 1306 2327 fungentem,

186 2353 322 2410 vicorum
351 2359 449 2412 autem
479 2351 735 2430 Allobrogicorum
762 2353 972 2432 inscriptiones
1000 2359 1237 2417 commemorant
1266 2353 1307 2410 vi·

185 2471 282 2514 cenos
303 2453 467 2515 bonoribus
490 2462 519 2514 et
542 2455 715 2516 muneribus
737 2457 767 2516 iu
790 2454 905 2514 colonia
924 2457 1035 2515 Vienna
1057 2455 1224 2531 iungentes,
1263 2453 1307 2514 Ex

185 2555 300 2632 quibus
323 2554 466 2635 exemplis
494 2574 569 2636 quae
597 2557 716 2617 tandem
746 2557 872 2618 eflicitur
900 2577 970 2618 vera
991 2557 1126 2618 locorum
1151 2554 1306 2616 attributo·
1386 2567 1388 2569 ’

185 2675 258 2717 rum
290 2656 443 2717 condicio?
493 2659 564 2718 Erat
597 2659 661 2718 fere
695 2657 784 2718 baec:
821 2676 857 2718 ex
885 2658 994 2729 tribus,
1024 2659 1132 2736 quibus
1167 2658 1307 2718 constitui

184 2757 368 2818 censebatur
396 2777 504 2838 corpus
534 2760 845 2829 civitatis,eomitiis‚
884 2769 1002 2828 senatu,
1031 2761 1204 2837 magistratu
1234 2757 1305 2817 nibil

183 2857 279 2938 pleno
300 2861 366 2920 iure
389 2859 552 2929 habebant;
576 2862 719 2940 populum
742 2863 822 2922 enim
842 2869 1012 2940 separatum
1036 2881 1052 2921 a
1074 2858 1185 2938 populo
1209 2860 1305 2917 muni-

184 2961 260 3038 cipii
282 2979 341 3020 non
364 2963 585 3024 constituebant
607 2965 674 3025 nisi·
692 2966 722 3022 in
744 2961 835 3022 rebus
858 2964 950 3022 saeris
974 2981 1008 3022 ea
1029 2961 1110 3038 lege,
1136 2966 1167 3019 ut
1190 2958 1308 3035 collegii,

183 3065 284 3122 instar
306 3064 380 3124 iuris
402 3062 548 3124 haberent
568 3084 742 3144 personam,
773 3063 850 3124 bona
872 3071 995 3142 possent
1016 3060 1173 3140 possidere
1196 3059 1305 3136 legata·

184 3181 248 3242 que
272 3151 405 3243 accipere
435 3173 464 3226 et
489 3168 628 3245 proprios
657 3167 713 3226 sibi
742 3171 883 3244 cooptare
911 3172 1053 3244 patronos
1080 3178 1178 3239 neque
1206 3161 1305 3221 minus
1377 3185 1379 3188 ·

184 3264 332 3342 quosdam
361 3265 471 3344 eligere
499 3269 703 3344 magistratus;
732 3269 753 3326 ii
781 3275 879 3328 autem
907 3267 1095 3343 magistratus
1123 3282 1182 3326 non
1210 3279 1305 3339 aequo

184 3367 303 3426 bonore
326 3373 356 3428 et
382 3370 448 3429 iure
476 3377 560 3430 erant
582 3388 616 3430 ac
638 3370 828 3446 magistratus
850 3367 1005 3447 oppidani;
1036 3383 1163 3442 namque
1192 3367 1217 3425 si
1243 3383 1304 3425 mo·

183 3469 275 3546 gistri
296 3475 382 3528 erant
403 3471 463 3530 sive
485 3471 608 3548 ingenui
631 3473 691 3530 sive
718 3469 818 3531 liberti
842 3470 923 3551 (app.
948 3487 977 3528 n.
1003 3471 1072 3548 78),
1090 3454 1162 3541 ¹nem
1189 3468 1247 3526 nisi
1268 3464 1304 3526 ad

184 3585 302 3630 sacram
326 3572 515 3647 pertinebant
536 3589 617 3641 rem,
646 3572 671 3632 si
692 3571 813 3640 aediles,
837 3570 1059 3631 administrasse
1073 3576 1188 3629 tantum
1204 3568 1304 3628 viden·

185 3679 238 3731 tur
267 3671 343 3732 bona
371 3683 484 3750 pagana
510 3673 540 3732 in
568 3671 675 3750 hisque
703 3673 794 3733 rebus
822 3673 947 3733 sortasse
980 3669 1127 3750 quandam
1155 3669 1305 3730 habebant

182 3771 439 3842 iurisdictionem;
467 3761 586 3853 poterat
608 3775 695 3834 etiam
717 3774 796 3843 lieri,
829 3780 861 3834 ut
883 3791 953 3851 pars
976 3771 1065 3832 ollieii
1088 3790 1192 3832 eorum
1213 3773 1245 3831 in
1268 3789 1303 3830 eo

255 4061 299 4125 49)
322 4059 364 4110 Ad
386 4061 457 4112 haee
479 4075 551 4125 quea
575 4078 608 4112 ex
625 4061 801 4112 Narbonensi
819 4061 995 4126 collegimus,
1020 4061 1070 4110 cfr.
1095 4073 1167 4123 quoe
1190 4075 1224 4108 ex
1242 4058 1301 4108 uni·

184 4160 266 4197 verso
284 4147 400 4211 imperio
420 4145 546 4210 exemplo
565 4145 661 4195 attulit
678 4145 776 4210 Voigt‚
795 4145 854 4195 drei
872 4147 959 4210 epigr.
979 4145 1073 4195 Const.
1090 4160 1117 4208 p.
1138 4143 1186 4192 145
1203 4157 1262 4207 sqq.

254 4229 298 4293 50)
323 4229 402 4290 Quod
424 4231 579 4280 illustratur
602 4231 704 4294 optime
728 4230 780 4280 boc
801 4231 978 4294 Digestorum
1002 4228 1036 4293 (l.
1057 4231 1101 4286 73,
1126 4228 1149 4288 §-
1169 4229 1181 4276 1
1206 4227 1248 4276 tit.
1267 4226 1300 4276 de

182 4314 272 4378 leget.
293 4317 321 4363 et
339 4313 430 4368 fidele.
451 4311 501 4379 [30.
515 4312 555 4380 1))
573 4314 633 4364 loeo
652 4330 686 4364 ex
704 4313 775 4364 Gaio
795 4313 951 4379 desumpto:
973 4314 1043 4363 Vicie
1055 4315 1139 4376 legata
1149 4315 1259 4376 perinde
1271 4315 1300 4362 li-

181 4415 243 4449 cere
262 4413 359 4462 rapere
371 4405 446 4463 atque
458 4397 600 4448 ciuitatibus
611 4400 737 4464 rescripto
749 4401 912 4463 imperatorie
924 4400 1006 4450 nostri
1016 4395 1181 4463 significatur.
