3148 5160
349 409 409 470 164
700 369 817 467 ,rans
838 405 867 461 n.
913 405 1018 461 crvvr
1038 405 1078 461 n.-

347 591 474 650 namque
502 575 533 632 in
560 589 667 650 magno
696 574 803 632 veteris
830 572 975 634 Massiliae
1009 590 1202 633 nummorum
1228 589 1373 641 numero,
1413 574 1463 650 qni

346 673 434 734 hodie
457 691 575 752 quoque
599 681 692 742 extat,
719 673 834 734 nullum
856 682 901 735 est
926 673 1110 753 exemplum,
1140 673 1220 751 quod
1246 675 1463 752 imperatorum

346 776 453 856 prodat
474 771 655 853 aetutem.²⁹)
701 775 804 836 Officia
833 785 932 837 autem
954 773 1187 836 Massiliensibus
1215 793 1285 852 erga
1313 774 1464 834 Romanos

347 879 483 957 imposita
506 876 697 938 hauddubie
720 877 823 937 eadem
846 885 931 938 erant
953 883 1041 954 atque
1064 878 1197 936 omnium
1214 877 1382 944 foederum,
1406 877 1462 936 sci·

346 978 415 1039 licet
437 978 560 1048 ansilla,
573 981 609 1039 -si
632 997 707 1059 opus
729 988 821 1048 esset,
843 979 1029 1058 praestanda.

432 1081 510 1153 Quos
532 1081 619 1141 modo
648 1083 886 1141 enumeravimus
913 1082 988 1140 iuris
1015 1080 1193 1159 oppidorum
1219 1079 1344 1157 gradus,
1375 1097 1462 1139 nemo

346 1201 406 1244 non
430 1182 508 1242 videt
529 1181 764 1242 accommodatas
787 1200 852 1242 esse
866 1184 1018 1242 nationum
1033 1179 1264 1242 discriminibus.
1309 1180 1368 1251 Qui
1384 1182 1462 1240 enim

346 1286 458 1363 optimo
480 1286 545 1344 iure
568 1302 584 1344 a
607 1284 732 1345 Caesare
755 1283 855 1343 donati
877 1291 961 1352 sunt,
990 1282 1088 1343 coloni
1110 1282 1233 1343 luerunt
1254 1283 1383 1342 nationis
1406 1281 1462 1340 lta·

345 1385 430 1453 licae,
454 1387 507 1465 qui
528 1385 594 1445 inre
617 1385 700 1454 Latii,
724 1385 900 1461 indigenae,
925 1387 976 1464 qui
999 1384 1137 1444 libertate
1161 1390 1190 1444 et
1211 1384 1332 1445 loedere
1357 1392 1389 1444 ut
1410 1401 1462 1462 pc·

345 1488 476 1564 tegrini,
501 1486 616 1547 Graeci.
662 1486 794 1547 Nationis
829 1492 927 1547 antem
955 1486 1115 1547 discrimen
1144 1486 1230 1546 desiit
1259 1492 1376 1553 extare,
1410 1483 1463 1544 ubi

345 1589 476 1666 primurn
498 1586 653 1663 indigenae
682 1588 719 1648 ad
741 1589 888 1648 civitatem
916 1596 985 1648 sunt
1005 1589 1151 1667 promoti,
1182 1587 1271 1666 idque
1299 1605 1335 1646 eo
1358 1588 1461 1662 magis,

349 1689 508 1767 quodiam
531 1687 674 1750 latinitate
697 1709 733 1750 ex
755 1707 824 1750 vera
839 1691 954 1768 origine
977 1697 1062 1750 erant
1084 1692 1222 1770 exempti.
1268 1689 1371 1768 ltaque
1394 1706 1463 1747 cum

346 1791 528 1851 Viennenses
550 1789 587 1849 ab
609 1792 741 1868 Augusto
763 1791 910 1852 civitatem
932 1792 1127 1870 accepissent,
1157 1790 1270 1852 nullum
1299 1797 1364 1850 erat
1384 1792 1464 1849 inter

346 1911 396 1952 eos
419 1899 448 1952 et
463 1891 671 1954 Narbonenses
693 1892 883 1971 reliquasque
905 1892 1035 1953 colonias
1056 1895 1130 1954 iuris
1152 1893 1335 1972 dignitatisve
1359 1890 1462 1951 discri-

346 2013 414 2054 men
437 2011 535 2072 neque
558 1993 614 2054 nisi
629 1993 711 2054 tribu
727 2012 866 2074 expressa
883 1993 1022 2054 manebat
1037 1996 1158 2072 originis
1174 1994 1349 2054 differentia.
1386 1993 1462 2054 Con·

345 2102 414 2166 stat,
445 2095 556 2156 tribum
585 2096 677 2156 luisse
699 2097 814 2172 insigne
837 2095 959 2156 civitatis
981 2095 1144 2166 Romanae,
1176 2101 1205 2156 et
1233 2097 1404 2174 quicunque
1426 2094 1462 2153 ad

345 2199 494 2258 civitatem
516 2198 710 2266 accesserint,
740 2215 791 2256 eos
820 2198 871 2256 uni
893 2215 927 2256 ex
953 2198 1071 2274 triginta
1093 2199 1226 2275 quinque
1247 2196 1402 2265 attubus,
1432 2197 1462 2255 in

345 2315 418 2376 quas
439 2299 568 2358 universi
590 2299 668 2358 cives
683 2297 808 2358 Romani
832 2304 916 2358 erant
938 2297 1067 2368 redacti,
1092 2318 1157 2360 esse
1180 2298 1356 2378 adscriptos,
1402 2297 1461 2357 lam

347 2417 416 2458 vero
439 2399 565 2476 siquod
589 2399 731 2478 oppidum
759 2401 930 2460 universum
960 2419 1015 2461 una
1043 2400 1109 2479 lege
1138 2403 1254 2461 civitate
1284 2399 1461 2468 donabatur,

344 2517 448 2560 omncs
471 2499 566 2560 eidem
590 2500 681 2561 tribui
703 2499 838 2561 solebant
859 2500 1001 2570 adscribi:
1027 2503 1099 2578 quin
1121 2503 1209 2562 etiam
1225 2503 1250 2560 si
1266 2501 1372 2561 eodem
1388 2509 1462 2561 tern-

265 2590 270 2602 ’
344 2619 418 2680 pore
446 2600 598 2680 complura
627 2602 760 2663 eiusdem
789 2603 958 2681 provinciae
991 2602 1099 2682 oppida
1131 2605 1278 2662 civitatem
1315 2603 1462 2681 adipisce-

345 2701 467 2771 bantur,
506 2702 578 2764 baec
615 2705 713 2764 omnia
750 2702 846 2764 eidem
883 2702 974 2764 tribui
1007 2705 1174 2764 invenimus
1206 2721 1271 2764 esse
1300 2703 1460 2783 adscripta.

344 2805 428 2876 Quod
458 2823 493 2865 eo
519 2807 680 2885 processit,
710 2812 742 2865 ut
769 2806 794 2864 si
822 2807 853 2864 in
880 2822 938 2882 qua
965 2806 1115 2882 provincia
1144 2823 1180 2864 ex
1207 2805 1356 2883 indigenis
1382 2805 1462 2864 Lati·

343 2925 452 2967 norum
486 2908 594 2986 oppida
626 2909 896 2975 constituerentur,
934 2924 991 2966 una
1027 2905 1124 2983 aliqua
1160 2905 1255 2966 tribus
1289 2905 1461 2983 eligeretur,

343 3011 392 3070 cui
420 3007 663 3070 adscriberentur
692 3016 721 3067 et
749 3028 851 3068 ornnes
879 3008 1043 3085 municipes
1071 3010 1149 3067 cives
1180 3007 1305 3068 Romani
1339 3015 1368 3067 et
1396 3008 1462 3086 qui-

344 3127 461 3188 cunque
489 3109 709 3188 magistratibus
741 3108 968 3188 municipalibus
1001 3109 1095 3170 iuncti
1129 3128 1164 3168 ex
1196 3111 1261 3189 ipso
1288 3111 1354 3170 iure
1385 3109 1463 3167 Latii

344 3209 379 3269 ad
406 3209 524 3288 plenam
552 3213 701 3272 civitatem
733 3211 896 3272 Romanam
924 3218 1021 3270 essent
1048 3212 1197 3271 accessuri
1205 3230 1212 3280 ;
1249 3212 1373 3289 eiusque
1408 3212 1462 3269 tri-

344 3309 400 3370 bus
427 3317 529 3389 postea
556 3330 674 3392 quoque
703 3321 804 3374 essent
830 3331 948 3380 omnes,
984 3313 1034 3389 qui
1062 3314 1126 3371 eius
1153 3313 1305 3391 municipii
1334 3314 1461 3372 munici-

317 3587 319 3590 '
411 3581 454 3643 29)
478 3583 667 3633 Massilienses
691 3589 753 3647 post
776 3583 925 3634 Gaesarem
948 3582 1007 3632 iure
1030 3583 1200 3648 propriorum
1223 3598 1391 3634 nummorum
1412 3599 1460 3632 ca·

343 3667 432 3715 ruisse
450 3665 601 3716 Mommsen
620 3681 724 3731 quoque
743 3668 840 3717 statuit
859 3665 962 3729 (Roem.
980 3667 1155 3716 Miinawesen
1173 3683 1199 3730 p.
1213 3667 1282 3732 675).
1317 3668 1407 3718 Aliter
1418 3669 1461 3717 iu-

343 3748 421 3799 dieat
443 3750 485 3799 De
504 3751 532 3799 la
551 3750 689 3814 Saussaye
709 3751 855 3813 (Numism.
879 3767 906 3816 p.
926 3753 957 3801 77
977 3750 1066 3815 sqq.)‚
1091 3753 1138 3814 qui
1159 3756 1267 3816 partem
1290 3767 1461 3802 nummorum

342 3834 562 3885 Massiliensium
581 3850 597 3885 a
616 3849 645 3885 se
664 3835 799 3886 editorum
811 3836 1009 3900 imperatoriae
1023 3835 1111 3884 aetati
1128 3837 1226 3894 tribuit
1237 3850 1328 3899 neque
1340 3835 1461 3895 dubitat,

344 3919 410 3982 quin
427 3935 515 3983 usque
534 3919 570 3968 ad
588 3923 739 3971 extremam
762 3920 956 3984 antiquitatem
974 3919 1165 3990 Massilienses
1187 3921 1313 3985 proprios
1336 3934 1461 3972 nummos

342 4004 525 4070 signaverint.
559 4004 596 4053 At
614 4021 675 4054 eum
693 4004 818 4068 reliquae
837 4005 967 4054 civitates
986 4004 1107 4066 liberae,
1127 4017 1197 4067 quae
1215 4005 1265 4054 sub
1284 4004 1475 4070 imperatori-³

344 4088 396 4137 bus
413 4088 538 4153 proprios
555 4103 679 4138 nummos
697 4088 855 4152 signabant,
873 4103 1012 4152 nunquam
1029 4089 1189 4138 omitterent
1207 4087 1302 4153 aliquo
1313 4090 1396 4139 modo
1408 4089 1462 4140 Ro-

343 4185 452 4222 manum
470 4173 614 4237 imperium
639 4187 862 4231 commemorare,
887 4174 915 4222 in
937 4171 981 4222 bia
1003 4173 1119 4222 nummis
1142 4171 1367 4223 Massiliensibus
1391 4173 1464 4224 nihil

342 4256 398 4305 tale
416 4257 582 4320 invenimus,
605 4273 694 4321 neque
718 4257 795 4307 aliud
812 4258 871 4320 ipse
895 4258 936 4305 De
956 4257 984 4307 la
1002 4257 1141 4321 Saussaye
1165 4260 1357 4321 argumentum
1381 4257 1466 4309 affert

343 4353 423 4402 quam
441 4339 525 4390 vilem
543 4341 747 4405 deformemque
766 4356 858 4391 eorum
877 4355 1044 4392 nummorum
1063 4341 1208 4394 fabricam.
