3154 5162
293 419 353 481 120
683 414 767 474 PARS
790 415 819 472 ll.
863 413 969 470 clnvr
992 414 1010 470 1.

292 585 483 646 fundamenta
511 583 661 652 iecerunt,
697 581 908 644 Hadrianus
942 578 1142 659 Valesins¹l
1176 588 1205 642 et
1231 576 1410 659 Anville2)

292 689 399 748 merito
422 704 460 746 ne
483 684 571 746 hodio
595 683 714 762 quidem
737 683 863 764 quadam
886 685 1061 746 anctoritate
1083 689 1185 744 carent
1208 690 1237 744 ct
1250 680 1411 744 tonitium

292 788 454 868 imprImis,
484 788 655 866 quicunque
684 786 720 848 de
748 785 796 846 bis
823 785 915 846 robus
942 791 1048 863 agunt,
1077 784 1205 846 libenter
1233 791 1411 862 sequuntur,

292 893 402 971 quippe
426 891 477 967 qui
500 907 598 968 neque
622 896 721 950 vetera
743 889 912 948 testimonia
936 887 1072 966 neglegat
1094 895 1123 948 et
1145 905 1249 948 sanum
1272 885 1413 948 adhibeat

292 993 445 1060 indicium,
469 999 557 1069 atque
580 987 731 1068 Millinl)
755 1007 883 1070 quoque,
907 991 959 1067 qni
980 991 1037 1050 iter
1052 1007 1107 1069 per
1122 986 1245 1050 Galliam
1267 988 1410 1050 meridio-

292 1093 390 1155 nalem
412 1095 496 1154 initio
519 1091 608 1156 buius
632 1091 742 1153 saeculi
769 1093 879 1152 lactum
907 1091 984 1153 libro
1013 1093 1079 1152 iure
1101 1089 1218 1152 laudato
1241 1090 1411 1168 descripsit,

292 1197 323 1256 in
346 1197 382 1256 iis
404 1195 510 1266 rebus,
538 1194 591 1255 ubi
613 1213 672 1255 non
695 1212 771 1274 quae
798 1213 814 1256 a
842 1212 913 1256 suae
936 1196 1040 1255 aetatis
1068 1191 1239 1254 bominibus
1261 1192 1414 1270 indigenis

293 1297 404 1359 audivit
427 1297 529 1366 refert,
554 1295 589 1358 ad
612 1294 760 1357 Valesinm
784 1302 814 1357 et
835 1295 990 1358 dnvillium
1013 1293 1089 1356 solet
1109 1312 1276 1356 recurrere.
1321 1294 1412 1354 Prae-

293 1405 339 1459 ter
369 1397 425 1459 hos
452 1417 507 1459 nos
536 1397 656 1475 quidem
684 1397 892 1460 adhibebimus
920 1393 1253 1476 Valckenarium⁴),
1283 1395 1335 1475 qui
1363 1413 1412 1454 re·

294 1501 427 1561 certiore
450 1505 547 1561 aetate
570 1501 727 1576 universae
750 1501 859 1561 veteris
875 1498 985 1561 Galliae
1007 1498 1217 1578 geographiam
1234 1499 1415 1577 conscripsit

295 1608 325 1661 et
347 1604 440 1680 magis
463 1604 552 1686 etiam
575 1600 818 1680 Uokertum5),
842 1604 894 1682 qui
912 1603 991 1662 inter
1005 1600 1169 1662 Germanos
1185 1599 1415 1678 diligentissime

295 1703 332 1762 de
355 1701 402 1763 his
425 1702 651 1782 quaestionibus
675 1703 736 1780 egit
758 1709 788 1762 et
809 1712 877 1782 post
898 1721 1001 1783 quem,
1025 1705 1077 1782 qui
1099 1701 1178 1764 idem
1194 1709 1325 1762 veterem
1341 1717 1412 1778 geo·

295 1802 449 1882 graphiam
471 1803 615 1872 tractavit,
639 1801 851 1884 Forbigerll
876 1805 912 1866 de
935 1811 1036 1866 nostra
1053 1804 1172 1881 quidem
1194 1805 1318 1881 regione
1334 1801 1415 1862 hand

294 1904 421 1966 multum
456 1907 524 1966 novi
545 1904 667 1974 {attulit;
705 1906 866 1968 tractandis
903 1906 1031 1984 denique
1067 1905 1219 1967 veteribus
1252 1906 1416 1966 itinerariis

293 2006 534 2068 commodissima
550 2015 595 2068 est
611 2006 701 2068 editio
717 2026 733 2067 a
751 2007 913 2070 Pindero
932 2015 961 2068 et
977 2006 1183 2088 Partheyio
1201 2008 1287 2076 lacta,
1304 2007 1416 2084 quibus

294 2127 369 2187 quae
391 2110 542 2170 veteribus
564 2109 652 2170 huius
674 2111 843 2188 provinciae
858 2109 1028 2172 nominibus
1043 2111 1163 2170 nomina
1185 2111 1319 2170 recentia
1342 2127 1415 2187 sup·

293 2219 418 2291 ponunt,
441 2213 599 2273 maximam
615 2219 731 2290 partem
749 2211 946 2291 suppeditavit
965 2207 1131 2290 Lapicl')
1169 2211 1328 2272 Praeterea
1344 2212 1417 2270 siin

214 2302 217 2308 ’
295 2312 411 2390 quade
434 2311 558 2390 singulis
587 2313 661 2374 iocis
689 2313 897 2374 dissertatione
920 2312 1074 2393 probabile
1098 2320 1128 2374 et
1149 2311 1339 2374 commodum
1362 2311 1417 2373 ali·

295 2413 366 2492 qnid
395 2415 576 2483 invenimus,
609 2433 648 2476 ne
682 2415 739 2476 boc
771 2415 890 2495 quidem
923 2417 1204 2494 praetermittemus.
1234 2447 1276 2458 —-
1304 2415 1418 2474 Verum

295 2513 371 2574 hanc
393 2533 512 2575 omnern
536 2515 573 2576 de
600 2518 834 2596 vmiuscuiusque
862 2515 920 2576 loci
946 2517 1004 2578 situ
1027 2518 1230 2593 quaestionem
1253 2514 1350 2576 libere
1371 2516 1418 2576 la-

295 2620 394 2676 temur
427 2634 487 2677 non
521 2617 585 2678 eins
615 2620 758 2678 momenti
786 2617 874 2679 nobis
904 2637 984 2687 esse,
1020 2620 1105 2680 cuins
1139 2617 1318 2697 plerumque
1349 2636 1420 2678 esse

296 2723 449 2786 censetnr;
476 2720 570 2780 immo
593 2726 750 2799 postquam
773 2719 883 2797 quide
906 2719 953 2782 bis
975 2720 1065 2781 rebus
1088 2725 1229 2798 egerunt,
1258 2718 1421 2796 bucusque

295 2818 369 2878 nibil
392 2818 470 2880 aliud
494 2821 656 2882 olfecerunt
684 2840 772 2898 quam
800 2820 961 2882 multorum
990 2823 1144 2884 nominum
1173 2820 1279 2882 rudem
1301 2821 1421 2899 indige-

295 2928 429 2998 stamque
452 2921 571 2992 molem,
595 2922 696 2984 utilius
718 2921 804 2984 nobis
826 2923 942 2984 videtur
956 2925 988 2984 in
1003 2922 1186 2984 restituenda
1209 2925 1329 3000 antiqua
1345 2943 1419 3003 pro·

295 3024 409 3084 vinciae
431 3025 529 3085 lorma
550 3024 580 3084 id
608 3025 797 3102 potissimum
826 3042 931 3102 agere,
962 3034 994 3086 nt
1022 3024 1206 3107 singulorum
1236 3025 1422 3104 oppidorum

296 3126 447 3186 territoria
471 3125 646 3186 definiamus
669 3133 698 3186 at
727 3142 802 3202 quae
826 3127 1060 3206 uniuscuiusque
1089 3126 1215 3186 civitatis
1240 3143 1312 3203 agro
1335 3145 1422 3188 com·

294 3223 444 3302 prehensa
466 3227 579 3286 luerint
600 3226 664 3288 loca
687 3225 868 3303 colligamus.
912 3228 977 3298 Qua
998 3229 1028 3288 in
1051 3246 1084 3287 re
1101 3229 1217 3289 etiamsi
1240 3229 1359 3307 saepius
1382 3228 1425 3289 ad

296 3326 484 3387 coniecturas
506 3328 681 3397 reiciemur‚
709 3335 809 3390 tarnen
832 3328 1007 3390 confidimus
1034 3327 1189 3391 utilitatem
1212 3327 1303 3392 huius
1326 3346 1424 3408 quae-

367 3594 393 3656 1)
411 3593 549 3645 Hadriani
567 3596 676 3648 Valerii
694 3598 797 3648 notitia
815 3597 978 3650 Galliarum.
1007 3598 1096 3649 Paris.
1117 3601 1192 3651 1675.

364 3677 391 3741 2)
410 3677 570 3742 D'Anville,
588 3680 687 3732 Notice
706 3680 739 3731 de
758 3679 915 3732 l'ancienne
935 3681 1034 3733 Geule.
1064 3684 1145 3734 Paris
1165 3686 1245 3747 1760„

363 3761 390 3824 3)
409 3761 515 3827 Millin‚
533 3765 649 3829 Voyage
667 3763 735 3815 dans
753 3764 779 3816 le
798 3765 867 3815 Midi
883 3767 917 3816 de
936 3766 963 3815 la
981 3767 1098 3818 Franco.
1127 3769 1210 3820 Paris
1229 3772 1297 3821 1804
1314 3786 1376 3838 sqq.

365 3845 392 3909 4)
412 3846 609 3911 Walckenaer‚
630 3847 805 3915 Ge'ographie
825 3851 959 3900 ancienne
977 3849 1025 3900 das
1045 3850 1157 3908 Gaulos.
1194 3855 1276 3906 Paris
1296 3856 1375 3908 1839.

363 3930 389 3994 5)
409 3930 530 3994 Uckert,
552 3931 728 3998 Geographie
752 3935 800 3984 der
822 3934 960 3985 Griechen
982 3951 1008 3986 u.
1032 3935 1160 3991 Roemer.
1194 3939 1320 3990 Weimer
1345 3943 1429 3997 1832.

295 4019 319 4079 2,
338 4018 364 4079 2,
383 4016 526 4069 avt-319.
544 4018 688 4068 ton-463.

365 4099 391 4162 6)
411 4101 556 4167 Forbiger,
575 4101 733 4152 Handbuch
751 4103 799 4152 der
818 4102 895 4153 alten
915 4102 1098 4169 Geographie.
1129 4106 1209 4157 Band
1226 4106 1278 4158 111.
1309 4109 1390 4159 1848.

363 4183 413 4249 ba)
433 4185 608 4236 Itinerarium
621 4186 753 4236 Antonini
764 4186 883 4252 Augusti
901 4193 930 4237 et
941 4187 1223 4253 Hierosolymitannm
1237 4192 1281 4242 ed.
1294 4193 1432 4260 Parthey

226 4288 231 4300 ·
297 4270 325 4315 ot
342 4266 451 4318 Pinder.
479 4267 667 4323 Berol.1848.'
706 4270 808 4335 Lapie,
832 4269 949 4321 Recueil
967 4271 1015 4322 des
1034 4271 1193 4326 itine'raires
1212 4277 1330 4327 enciens
1352 4295 1432 4332 aveo

296 4349 343 4401 dix
361 4353 465 4412 cartes,
483 4351 579 4419 publie'
596 4369 647 4420 par
664 4355 701 4408 M.
720 4354 815 4403 Fortia
833 4353 965 4407 d'Urban.
982 4357 1064 4408 Paris
1084 4360 1158 4414 1845.
