3154 5162
314 425 355 488 96
700 421 783 478 PARS
806 421 824 477 l.
869 421 974 478 CAPV'l'
997 421 1026 478 ll.

314 591 366 668 qui
387 588 453 650 Iulii
476 588 610 650 Caesaris
637 587 707 650 olim
735 607 798 670 per,
811 587 901 668 Alpes
928 589 986 648 iter
1012 587 1229 666 impediverant
1237 583 1289 663 59),
1319 586 1434 648 diserte

315 690 456 760 traditur,
480 691 597 770 quando
619 692 715 770 pacati
738 693 812 760 sint,
842 706 941 769 neque
964 689 1081 769 quando
1108 709 1164 750 rex
1186 690 1300 752 Cottius
1326 706 1434 768 paoem

313 790 394 852 illam
417 812 485 855 cum
506 794 638 871 Augusto
667 793 787 862 lecerit,
818 793 902 852 cuius
924 791 1077 852 Ammiano
1106 791 1277 852 Marcellino
1305 787 1431 866 teste⁶⁰l

313 912 370 954 una
394 894 528 956 condicio
551 911 585 955 ea
609 901 686 964 erat,
712 900 744 955 ut
765 895 840 954 viam
860 912 915 973 per
930 893 1018 972 Alpes
1035 893 1145 954 Cottius
1167 899 1330 960 sterneret,
1356 908 1433 969 quae

312 998 488 1073 iungeretur
510 997 563 1056 viis
585 995 621 1056 ab
643 997 716 1075 ipsis
738 995 880 1058 Romanis
902 994 939 1055 ad
961 995 1035 1055 lines
1056 997 1142 1074 regni
1164 996 1291 1056 Cottiani
1313 995 1430 1061 stratis;

312 1104 342 1158 at
364 1097 473 1158 Salassi
496 1097 613 1175 quando
637 1097 739 1158 domiti
763 1099 835 1168 sint,
865 1098 1011 1158 certiores
1039 1115 1093 1157 nos
1115 1097 1226 1158 iaciunt
1248 1097 1303 1157 llio
1331 1107 1361 1155 et
1382 1095 1431 1155 Li·

311 1202 377 1260 vius
389 1197 441 1278 61),
470 1201 521 1277 qui
550 1199 691 1260 domitam
719 1198 795 1260 hanc
821 1206 942 1277 gentem
970 1217 1037 1260 esse
1063 1201 1198 1260 relerunt
1226 1216 1303 1260 auno
1326 1215 1352 1258 a.
1377 1195 1430 1258 Ch.

312 1307 352 1368 25
375 1321 392 1362 a
414 1301 450 1361 Μ.
476 1301 617 1362 Terentio
640 1303 782 1362 Varrone.
820 1301 896 1362 Tum
918 1299 997 1361 baud
1019 1300 1108 1362 dubie
1132 1319 1167 1360 ex
1189 1318 1273 1360 more
1294 1299 1431 1360 Romano

312 1404 411 1464 statim
432 1409 501 1482 post
523 1403 673 1464 subiectos
689 1401 822 1464 Salassos
845 1409 875 1464 ct
897 1402 1045 1464 conditam
1066 1403 1098 1463 in
1121 1419 1225 1462 eorum
1247 1400 1357 1462 tinibus
1380 1419 1431 1460 co·

311 1504 421 1566 ioniam
437 1506 601 1586 Augustam
614 1504 796 1566 Praetoriam
819 1505 864 1566 via
885 1504 935 1565 illa
958 1506 1070 1566 munita
1094 1512 1155 1573 est,
1179 1521 1255 1581 quae
1269 1521 1326 1582 per
1342 1501 1431 1582 Alpes

312 1605 416 1667 Graias
439 1614 469 1667 et
490 1605 665 1684 Allobroges
693 1606 729 1666 ad
750 1605 927 1668 Rhodanum
956 1606 1086 1666 duceret.
1133 1605 1242 1666 Contra
1265 1606 1431 1666 Ceutrones

312 1715 342 1768 et
363 1725 466 1785 regem
490 1708 617 1769 Cottium
640 1708 698 1768 iam
721 1715 805 1769 autea
829 1727 895 1770 esse
916 1714 1037 1787 pacatos
1059 1707 1128 1768 inde
1151 1705 1314 1777 concludo,
1339 1706 1428 1785 quod,

313 1811 338 1870 si
362 1828 429 1871 cum
453 1807 499 1870 his
522 1809 627 1870 eodem
656 1817 791 1888 tempore
819 1829 853 1870 ac
881 1829 949 1870 oum
978 1808 1102 1870 Salassis
1131 1817 1211 1870 esset
1238 1816 1351 1884 actum,
1381 1808 1428 1868 Li-

309 1914 375 1973 vius
399 1921 429 1972 et
450 1913 504 1973 llio
527 1911 584 1972 hoe
606 1930 665 1972 non
689 1913 864 1982 tacuissent,
892 1919 996 1992 postea
1019 1919 1118 1972 autem
1145 1913 1170 1972 si
1197 1918 1296 1973 essent
1322 1912 1429 1990 pacati,

310 2016 442 2092 Augusto
466 2033 525 2074 non
550 2021 667 2092 tempus
688 2013 807 2083 luisset,
832 2030 927 2090 usque
951 2014 987 2074 ad
1009 2031 1120 2074 annum
1139 2018 1181 2078 22
1197 2031 1231 2074 ea
1245 2012 1427 2092 perficiendi,

311 2133 386 2194 quae
420 2123 488 2177 ante
518 2116 657 2176 traditam
691 2116 805 2175 senatui
838 2117 1020 2195 provinciam
1048 2134 1172 2176 necesse
1200 2125 1263 2176 erat
1295 2116 1430 2194 perfecta

311 2225 411 2278 essent
444 2234 581 2296 quaeque
616 2217 721 2296 perlici
752 2234 813 2277 non
844 2224 1008 2296 potuerunt
1040 2219 1097 2278 nisi
1130 2209 1242 2297 pacatis
1275 2216 1426 2297 lnalpiuis.

310 2320 404 2380 immo
428 2327 457 2379 et
486 2319 559 2380 haec
588 2325 617 2380 et
644 2318 757 2398 reliqua
785 2325 848 2379 tum
877 2318 955 2380 haud
984 2319 1072 2380 dubie
1100 2321 1262 2399 Imperator
1289 2321 1426 2390 instituit,

310 2439 378 2481 cum
409 2438 485 2481 anno
509 2439 534 2480 a.
560 2419 611 2480 Cb.
637 2425 693 2490 27,
722 2428 878 2501 postquam
909 2440 1018 2482 nomeu
1040 2422 1165 2499 Augusti
1192 2423 1367 2500 assumpsit,
1396 2422 1429 2480 iu

310 2519 435 2583 Galliam
459 2539 490 2582 se
514 2521 639 2581 contulit
662 2527 691 2581 et
720 2523 755 2582 ad
785 2522 1004 2602 componendas
1030 2522 1190 2584 Galliarum
1216 2542 1266 2584 res
1288 2522 1429 2584 Narbone

285 2617 490 2684 'conventum
526 2625 594 2700 egit.
609 2619 644 2702 62)
703 2624 736 2685 ln
771 2643 805 2685 eo
839 2631 1000 2693 conventu,
1040 2624 1093 2685 ubi
1112 2623 1278 2686 ‘ulterioris
1315 2624 1428 2686 Galliae

310 2743 417 2786 census
439 2727 570 2804 primum
591 2726 745 2788 institutus
769 2734 827 2797 est,
852 2727 1089 2788 commodissima
1114 2733 1178 2788 erat
1200 2729 1331 2797 occasio,
1355 2745 1426 2806 pro·

308 2827 421 2887 vinciae
444 2843 563 2905 quoquc
586 2846 636 2888 res
659 2827 830 2899 ordinandi,
854 2829 895 2890 ibi
918 2846 1035 2907 quoque
1052 2847 1174 2890 censum
1196 2829 1293 2890 denuo
1309 2829 1427 2907 agendi,

309 2945 385 3006 quae
416 2930 521 2990 Caesar
548 2935 634 3009 pater
662 2931 843 3000 instituerat,
874 2931 1080 3000 confirmandi,
1117 2929 1204 2992 latius
1231 2929 1426 3012 propagandi,

308 3031 359 3092 ubi
382 3051 457 3110 opus
481 3039 545 3094 erat
566 3031 709 3093 mutandi.
755 3032 831 3092 Tum
854 3034 946 3110 igitur
967 3032 1159 3111 Allobrogum
1186 3035 1233 3094 ius
1261 3035 1345 3096 auxit
1367 3034 1426 3094 Au·

307 3142 427 3209 gustus,
450 3134 525 3193 lines
547 3135 716 3213 provinciae
738 3135 769 3193 in
791 3133 914 3213 Alpibus
936 3136 1103 3196 accuratius
1131 3135 1276 3203 delinivit,
1301 3136 1426 3196 Centro-

307 3251 374 3301 nes,
398 3232 590 3311 Allobrogum
613 3236 753 3296 finitimos
775 3237 889 3316 pacavit
901 3232 937 3314 63)
961 3234 1108 3314 simulque
1131 3239 1157 3297 si
1179 3236 1215 3298 ad
1231 3236 1285 3297 hos
1300 3236 1425 3299 doman-

374 3521 417 3582 69)
436 3520 517 3570 Caes.
535 3522 563 3574 b.
582 3537 608 3587 g.
629 3525 656 3585 1,
677 3525 718 3572 10.

374 3604 418 3664 60)
435 3604 523 3658 Amm,
541 3605 627 3656 Mare.
649 3609 695 3670 15,
715 3610 759 3657 10:
784 3624 846 3674 quos
865 3606 964 3674 (Alpes
983 3608 1108 3675 Cottius)
1132 3626 1184 3661 rex
1208 3611 1305 3662 Cottius
1327 3613 1425 3676 perdo-

305 3690 371 3738 mitis
391 3690 480 3740 Galliis
497 3693 565 3739 sotus
583 3693 608 3740 tn
627 3693 749 3755 coapostata
767 3695 849 3742 latens
871 3696 986 3759 inuiaque
1004 3698 1114 3744 locorum
1139 3699 1281 3760 asperitate
1304 3699 1424 3760 confisos,

306 3775 381 3823 lenito
406 3775 506 3823 tandem
529 3781 624 3825 tumore
650 3781 677 3824 ln
700 3779 833 3827 amicitiam
861 3777 993 3828 Octaviani
1018 3787 1137 3843 receptos
1163 3782 1290 3844 principis
1318 3781 1425 3831 molibus

304 3860 400 3922 mapula
418 3861 537 3909 eaetruaeit
555 3861 591 3909 od
607 3861 683 3910 vicem
705 3862 871 3912 memorabilis
893 3865 1002 3914 nauneris
1024 3866 1228 3928 compendiarias
1250 3873 1276 3915 et
1298 3867 1426 3916 viantibus

304 3952 463 4008 opportunas
481 3946 576 3994 medios
593 3950 660 3995 inter
678 3948 742 3996 olias
761 3947 843 4011 Alpes
859 3954 978 3999 uetustos.

372 4026 414 4092 61)
434 4028 489 4077 Dio
507 4031 553 4089 63,
573 4030 614 4078 26.
650 4029 711 4080 Liv.
731 4031 797 4096 epit.
817 4032 873 4081 135.

371 4110 414 4176 62)
433 4112 495 4163 Liv.
515 4113 580 4178 epit.
602 4115 662 4163 134:
682 4130 735 4164 cum
753 4113 914 4180 (Augustus)
933 4125 1078 4170 conventum
1096 4119 1218 4170 Narbone
1240 4129 1345 4186 eparci,
1365 4138 1425 4172 ceo-

303 4212 345 4245 sos
363 4213 379 4246 a
398 4197 478 4248 tribus
498 4198 599 4258 Galliis,
619 4215 682 4264 poco
701 4199 798 4250 Caesar
813 4207 890 4264 poter
907 4204 1016 4261 vicerat,
1035 4209 1114 4255 octies.
1152 4205 1202 4258 cfr,
1220 4205 1274 4254 Dio
1293 4207 1341 4268 53,
1362 4210 1405 4257 22.

370 4281 413 4342 63)
433 4281 583 4334 Ceutrones
604 4285 648 4334 cui
665 4284 773 4348 imperii
789 4284 905 4334 Romani
922 4288 997 4350 porti
1014 4288 1183 4338 attribuendi
1201 4290 1266 4355 sint,
1286 4291 1364 4342 inira
1382 4294 1427 4345 vi-

304 4363 436 4416 debimus.
460 4366 506 4416 Ius
525 4369 560 4418 ab
574 4368 697 4434 Augusto
715 4369 750 4420 iis
768 4369 861 4420 datum
880 4385 940 4422 esse
960 4387 1060 4424 censeo
1073 4375 1330 4442 stipendiariorum
1351 4379 1428 4444 quod
