3148 5160
306 423 367 486 236
657 423 660 428 ’
683 419 767 476 rins
789 419 820 476 ll.
864 419 970 477 CAPVT
994 421 1036 476 lll.

305 586 465 650 curionalis
487 587 616 657 ordinis,
646 594 879 649 consentaneum
901 585 1071 657 videbatur,
1100 585 1183 648 illum
1205 588 1332 664 Augusti
1360 587 1424 648 cul·

304 695 382 761 tum,
412 691 462 768 qui
483 706 579 767 usque
609 689 643 750 ad
672 688 701 749 id
731 695 849 769 tempus
877 688 993 767 collegii
1021 690 1186 750 serirorum
1215 689 1312 749 lorma
1334 696 1363 749 et
1385 688 1426 750 ab

194 808 197 813 ·
304 792 442 869 ingenuis
464 797 493 851 et
515 809 531 850 a
553 791 701 852 libertinis
723 797 787 851 erat
808 791 1046 860 administratus
1075 796 1171 851 totum
1193 791 1252 850 iam
1275 787 1426 851 libertinis

303 893 494 973 permittere,
525 911 652 973 quorum
681 893 843 954 ditissimus
873 892 998 972 quisque
1025 910 1081 972 pro
1103 890 1275 971 municipali
1298 910 1427 952 munere

306 1013 372 1056 eum
396 996 557 1057 seviratum
579 996 753 1074 susciperet.
1197 991 1200 997 ’
1270 1000 1276 1012 ·

390 1097 523 1176 Denique
550 1095 698 1176 quomodo
726 1096 832 1158 domus
854 1097 1003 1176 Augustae
1032 1096 1131 1158 cultus
1152 1115 1208 1176 per
1230 1097 1329 1158 omnia
1353 1115 1427 1177 pro·

306 1199 416 1272 vinciae
444 1198 552 1277 oppida
584 1200 737 1260 institutus
775 1199 866 1260 totius
894 1199 1064 1278 provinciae
1096 1199 1189 1260 saeris
1221 1199 1259 1259 sit
1292 1200 1427 1266 iunctus,

304 1300 382 1362 inira
404 1299 579 1361 videbimus.

714 1574 795 1580 --—.
810 1575 837 1580 -—
847 1573 1016 1581 ————-.-

760 1788 882 1858 caput
900 1789 975 1843 111.

619 1965 667 2024 De
689 1963 839 2064 institptis
862 1963 1114 2044 provincialibus.

797 2166 940 2177 tan-—

334 2353 342 2364 .
389 2302 612 2364 Administratio
633 2302 853 2381 provinciarum
875 2303 995 2382 imperii
1009 2301 1134 2366 Romani
1155 2300 1225 2361 iude
1247 2300 1284 2362 ab
1300 2302 1431 2379 Augusti

307 2410 401 2465 aetate
425 2393 577 2482 usquead
601 2404 731 2464 medium
753 2405 818 2465 lere
839 2423 869 2483 p.
893 2403 944 2466 Ch.
969 2403 1120 2465 saeculnm
1142 2400 1292 2482 pendebat
1314 2421 1351 2463 ex
1374 2401 1429 2462 illo

305 2506 431 2583 Augusti
452 2507 602 2574 instituto,
633 2525 691 2585 quo
714 2525 792 2566 anno
815 2525 840 2567 a.
865 2505 917 2568 uh.
943 2509 983 2573 27
1013 2523 1049 2565 ex
1071 2505 1232 2585 provinciis
1254 2505 1348 2564 totius
1368 2506 1428 2564 im·

305 2608 382 2686 perii
405 2625 471 2676 eaS,
498 2625 573 2687 quae
596 2609 761 2685 pacatiores
785 2614 921 2668 erant-et
942 2605 1043 2668 ltaliae
1064 2607 1238 2686 propiores,
1263 2609 1373 2667 exemit
1398 2615 1430 2668 et

307 2711 423 2772 senatui
445 2707 565 2769 tradidit
588 2727 620 2770 ea
643 2708 718 2787 lege,
744 2717 776 2770 ut
799 2709 905 2770 exinde
928 2727 962 2769 ex
987 2715 1107 2769 senatus
1121 2707 1284 2788 populique
1300 2707 1429 2769 Romani

307 2812 481 2874 auctoritate
496 2817 684 2889 regerentur.
712 2810 827 2883 Quibus
842 2812 1003 2891 provinciis
1013 2816 1172 2890 postquam
1188 2827 1266 2870 anno
1279 2829 1305 2870 e.
1319 2809 1372 2872 th.
1385 2815 1428 2876 22

308 2912 400 2976 Gellia
434 2913 532 2975 addita
572 2919 618 2973 est
656 2912 873 2983 Narbonensis,
912 2912 989 2973 banc
1028 2911 1233 2974 condicionem
1266 2911 1428 2981 retinebat,

307 3015 448 3094 quamdiu
476 3015 597 3074 omnino
625 3014 820 3094 permanebat
852 3014 901 3075 illa
928 3016 1009 3075 inter
1038 3014 1194 3074 Caesarem
1228 3018 1258 3072 et
1290 3021 1429 3075 senatum

306 3119 526 3197 provinciarum
550 3116 668 3186 divisio,
698 3116 824 3196 ideoque
853 3117 1070 3176 senatoriarum
1093 3114 1181 3175 modo
1204 3116 1430 3194 provinciarum

306 3221 353 3280 ius
375 3217 423 3278 hic
447 3223 491 3278 est
513 3218 750 3280 describendum.
761 3215 781 3299 ¹)
1209 3221 1211 3233 '

393 3319 520 3380 Senatus
542 3338 635 3400 aeque
664 3339 698 3380 ac
721 3320 854 3381 Caesaris
882 3319 1051 3399 provinciae
1073 3318 1280 3379 dividebantur
1301 3319 1333 3378 iu
1355 3337 1429 3397 pro·

308 3423 417 3483 vincias
440 3420 611 3482 consulares
634 3429 664 3482 et
685 3423 867 3500 praetorias,
898 3440 934 3482 ex
957 3420 1065 3499 quibus
1086 3418 1168 3487 illas,
1191 3419 1321 3480 Africam
1345 3419 1429 3480 scili·

309 3530 355 3584 oet
378 3528 407 3582 et
429 3523 541 3593 Asiam,
565 3524 736 3584 consulares
758 3524 827 3593 riri,
856 3522 987 3600 reliquas
1010 3540 1113 3582 omues
1139 3523 1169 3580 in
1192 3521 1289 3598 iisque
1310 3519 1428 3581 Narbo·

309 3642 432 3684 oensem
454 3626 508 3685 viri
530 3623 700 3686 obtinerent
721 3625 877 3704 praetorii,
902 3623 953 3684 sed
976 3641 1012 3683 eo
1034 3622 1204 3702 privilegio,
1228 3628 1261 3683 ut
1281 3623 1430 3701 praetorii

309 3743 428 3804 quoque
456 3745 471 3786 a
501 3733 606 3786 senatu
632 3727 759 3786 instituti
793 3744 852 3786 non
880 3727 979 3786 minus
1012 3743 1101 3804 quam
1133 3720 1306 3784 consulares
1339 3723 1429 3783 titulo

308 3827 474 3906 gauderent
495 3827 722 3906 proconsulum,
746 3826 867 3887 lictores
888 3833 1002 3896 autem,
1025 3827 1141 3904 insigne
1165 3831 1194 3885 et
1216 3829 1429 3886 ornamentum

306 3931 439 4009 imperii,
465 3928 670 3990 consularibus
691 3934 812 4007 praesto
835 3935 935 3988 esseut
957 3927 1128 3997 duodecim,
1152 3926 1323 4006 praetoriis,
1348 3926 1431 3988 sieut

309 4030 446 4092 omnibus
468 4029 655 4109 praesidibus
677 4030 818 4100 Caesaris,
842 4048 903 4090 sex.
942 4029 1080 4091 Ceterum
1103 4031 1134 4089 in
1150 4029 1317 4108 'provinciis
1339 4045 1430 4088 sena·

378 4283 403 4349 t)
424 4284 480 4335 Cir.
498 4285 581 4335 Dion.
599 4285 640 4346 53,
654 4285 762 4335 12-15.
793 4283 965 4338 Straboni?
983 4285 1080 4349 pete.
1111 4281 1186 4335 Suet.
1205 4281 1321 4335 Octd'l.
1349 4280 1430 4331 Mer-

310 4368 416 4433 querdt,
434 4369 546 4419 Hendb.
564 4368 612 4419 der
628 4384 710 4420 roem.
730 4368 846 4423 Alterth.
864 4371 888 4434 3,
909 4371 931 4434 1,
951 4370 1001 4420 294
1018 4381 1078 4432 sqq.
