3148 5160
531 474 616 531 Plus
637 475 666 530 ll.
712 475 818 532 CAPVT
840 475 880 530 lll.
1201 478 1263 542 257

142 659 232 720 quam
255 659 339 701 sacra
363 659 418 720 pro
440 642 622 720 imperatore
645 641 796 701 iacienda?
830 641 874 702 Ex
897 640 1019 702 aliarum
1042 643 1261 720 provinciarum

143 741 281 822 exemplo
304 745 430 812 scimuS,
454 744 572 805 iunctos
595 761 660 804 esse
682 744 728 802 rei
750 761 852 804 sacrae
880 743 966 804 ludos
988 743 1135 805 solemnes
1158 744 1261 805 decre-

142 853 248 923 tasque
271 843 308 906 ab
331 844 377 904 his
399 844 505 922 legatis
527 851 638 906 statuas
660 846 830 924 provinciae
852 847 972 906 nomine
1000 847 1069 907 viris
1096 845 1262 924 insignibus

141 943 358 1026 ponendas⁵⁰);
383 953 427 1015 at,
451 946 481 1006 id
504 947 583 1024 quod
605 931 726 1007 maioris
749 933 1030 1008 momenti'videtur
1046 966 1125 1017 esse,
1151 949 1262 1008 scimus

144 1050 246 1118 etiam,
271 1047 308 1108 ab
335 1048 442 1109 iisdem
469 1047 602 1109 conciliis
631 1048 751 1110 decreta
772 1049 847 1109 lacta
876 1067 942 1110 esse
969 1049 1007 1110 de
1035 1048 1203 1111 laudatione
1233 1058 1262 1110 et

143 1151 332 1212 accusatione
359 1149 585 1230 proconsulum.
597 1147 634 1228 ⁵¹)
684 1151 738 1212 Cui
764 1151 824 1210 iuri
852 1149 1068 1212 laudandorum
1096 1158 1147 1212 aut
1174 1144 1260 1214 accu-

142 1252 303 1313 sandorum
326 1254 554 1330 magistratuum
576 1254 601 1312 si
623 1253 742 1312 coniers
758 1241 938 1313 conventum
960 1253 1042 1314 illum
1059 1252 1095 1313 ab
1111 1252 1261 1314 Hadriano

141 1354 312 1415 Tarracone
334 1350 528 1431 babitnm52),
552 1353 605 1414 ubi
627 1353 663 1414 de
686 1341 803 1414 delectu
826 1373 894 1414 cum
916 1354 1020 1434 legatis
1042 1357 1261 1434 provinciarum

44 1442 47 1447 ’
141 1462 240 1517 actum
264 1463 324 1525 est,
355 1462 398 1525 et,
428 1463 461 1515 ut
491 1473 586 1533 usque
615 1455 650 1516 ad
673 1457 835 1534 Augustum
864 1457 1053 1526 recedamus,
1083 1463 1261 1519 conventum

140 1557 179 1618 ab
200 1557 259 1618 boe
280 1559 462 1636 imperatore
485 1575 521 1618 ex
544 1558 682 1618 omnibus
705 1556 806 1618 Galliis
828 1557 998 1620 Narbonem
1027 1577 1134 1620 census
1156 1560 1262 1638 agendi

141 1677 246 1722 caussa
268 1655 517 1737 convocatum⁵³)‚
540 1661 690 1738 putaveris
713 1678 750 1720 ne
765 1659 900 1720 Romano
918 1661 1037 1738 quidem
1059 1663 1185 1741 imperio
1209 1661 1259 1722 de-

139 1763 234 1822 fuisse
266 1762 434 1822 institutum
469 1761 663 1823 conciliorum
696 1761 922 1841 provincialium
958 1765 1191 1842 compositorum
1224 1783 1261 1824 ex

141 1865 211 1924 viris
234 1881 251 1923 a
272 1865 441 1943 provinciae
464 1865 633 1952 municipiis
655 1863 811 1942 delegatis,
836 1883 964 1943 quorum
987 1866 1078 1926 suerit
1093 1864 1260 1926 deliberare

141 1972 171 2025 et
198 1965 363 2026 decernere
395 1966 432 2026 de
460 1965 578 2044 publica
606 1967 778 2044 provinciae
804 1965 1075 2036 administratione,
1105 1968 1260 2028 enuntiare

139 2066 367 2146 provincialium
391 2067 551 2137 desideria,
576 2067 726 2127 moderari
747 2067 964 2146 quodammodo
986 2067 1184 2147 publicorum,
1197 2087 1259 2128 ma·

139 2171 319 2247 gistratuum
341 2171 476 2248 imperio.
522 2171 658 2230 Attamen
681 2167 738 2228 boc
761 2169 849 2230 modo
872 2171 923 2246 qui
944 2170 1069 2240 iudicat,
1093 2189 1199 2231 vercor
1221 2189 1259 2231 ne

140 2269 259 2349 longius
288 2289 398 2331 avere
421 2271 620 2332 aberraverit:
649 2289 718 2331 nam
746 2272 877 2349 primum
907 2272 1026 2349 quidem
1053 2271 1259 2350 distinguenda

141 2379 212 2433 sunt
233 2373 358 2433 eoncilia
381 2372 530 2434 ordinaria
554 2371 786 2450 quinquennalia
809 2392 826 2433 a
849 2374 1043 2436 conventibus
1072 2373 1132 2434 illis
1161 2381 1257 2434 extra·

141 2473 301 2535 ordinariis
324 2475 360 2536 ab
382 2476 516 2553 Augusto
545 2484 574 2534 et
596 2473 746 2535 Hadriano
776 2475 868 2536 semel
895 2475 1010 2537 habitis
1058 2477 1138 2549 Quos
1160 2479 1258 2556 Augu·

140 2583 205 2637 stus
228 2582 258 2636 et
279 2575 450 2652 Hadrianus
470 2583 671 2636 convocarunt
693 2579 846 2657 principes
869 2577 1030 2640 Galliarum
1054 2585 1083 2639 et
1103 2579 1258 2658 Hispania«,

138 2696 223 2748 rum,
247 2696 352 2738 eorum
374 2677 456 2738 nullo
473 2678 568 2739 modo
591 2679 663 2748 l'ult,
687 2678 807 2742 decreta
828 2681 927 2740 lacere
949 2679 1039 2740 ullius
1054 2682 1182 2758 generis
1207 2681 1258 2740 sed

139 2783 302 2858 pertimet
328 2781 385 2859 ipsi
413 2780 449 2841 ad
478 2779 669 2840 honorandos
698 2781 942 2858 venerandosque
974 2783 1171 2859 imperatores
1204 2781 1259 2842 bac

140 2883 298 2942 occasione
321 2888 392 2942 sunt
413 2883 524 2952 adacti,
547 2884 656 2960 partim
678 2882 715 2942 ad
737 2883 936 2943 ordinandum
957 2884 988 2941 in
1011 2881 1098 2960 longa
1114 2883 1258 2960 temporis

140 2985 236 3063 spatia
260 3001 383 3044 censum
405 2983 613 3064 delectumque
641 2985 681 3045 ita
710 2983 846 3053 adhibiti,
876 2990 910 3044 ut
935 2985 1130 3043 instrumenta
1160 2988 1259 3042 essent

138 3084 279 3164 publicae
307 3085 587 3154 administrationis;
618 3085 655 3146 de
684 3085 792 3162 quibus
819 3085 910 3149 rebus
938 3085 1009 3145 dum
1037 3083 1162 3162 agebant
1190 3101 1258 3143 cum

138 3187 387 3266 imperatoribus,
411 3189 476 3249 fieri
498 3187 619 3267 quidem
641 3206 701 3249 non
722 3190 833 3267 potuit,
858 3189 929 3266 quin
952 3205 1022 3248 suae
1037 3187 1164 3265 quisque
1186 3202 1258 3262 gen·

139 3290 179 3348 tis
202 3289 407 3351 condicionem
431 3308 585 3368 exponens
607 3290 643 3350 ab
666 3290 808 3351 oneribus
830 3291 919 3350 nimis
941 3288 1079 3367 gravibus
1102 3305 1172 3348 suos
1195 3273 1257 3348 stu-

140 3389 228 3451 deret
249 3390 424 3462 delendere,
448 3392 501 3453 sed
524 3392 561 3451 de
584 3391 713 3453 decretis
736 3391 773 3452 ab
795 3392 842 3452 his
864 3390 1058 3451 conventibus
1079 3391 1164 3450 lactis
1185 3388 1258 3449 nihil

140 3491 278 3554 audimus
299 3509 397 3571 neque
418 3496 494 3555 ratio
517 3494 713 3554 conveniendi
736 3513 768 3555 ea
785 3500 861 3562 erat,
885 3492 965 3554 unde
986 3494 1034 3554 ius
1055 3493 1136 3552 nasci
1158 3497 1260 3571 posset

140 3593 329 3656 decernendi.
387 3596 496 3657 Contra
535 3596 660 3656 concilia
697 3595 747 3656 illa
785 3593 1015 3672 quinquennalia
1058 3594 1259 3655 decernebant

210 3831 254 3898 50)
278 3833 335 3884 cfr.
361 3848 422 3892 eas,
446 3847 514 3896 ques
537 3831 664 3882 Boissieu
685 3831 704 3883 l.
724 3847 747 3884 c.
769 3831 965 3896 inscriptiones
988 3830 1068 3880 affert
1094 3835 1256 3895 statuarum,

140 3933 215 3982 quac
232 3933 250 3968 a
268 3918 386 3969 concilio
404 3919 488 3967 trium
507 3914 662 3966 Galliarum
680 3921 760 3967 erant
776 3917 893 3982 positae.

210 4001 253 4066 bl)
271 4002 434 4068 Merquerdt
452 4002 470 4055 l,
491 4017 513 4054 c.
532 4005 557 4064 3,
578 4001 602 4066 1,
621 4001 768 4063 ute-2753
787 4000 912 4065 inprimis
931 4004 1022 4051 autem
1041 4001 1092 4050 cfr.
1108 3999 1258 4049 celeberri-
1282 4035 1286 4042 .

139 4102 214 4137 mam
231 4087 649 4152 inscriptionem.'l'oriniensem
667 4087 770 4137 editum
790 4090 817 4136 et
835 4085 1003 4149 explicatam
1022 4101 1038 4134 a
1050 4084 1217 4134 Mommseno
1230 4084 1258 4133 in

139 4171 262 4222 Bericht.
281 4171 329 4222 der
347 4173 456 4223 saeehs.
476 4171 630 4225 Gesellsclt
649 4171 697 4222 der
714 4170 885 4222 Wissenseh.
906 4169 980 4232 1852,
1000 4185 1026 4233 p.
1044 4169 1094 4218 235
1112 4181 1172 4232 sqq.
1192 4171 1220 4216 et
1240 4183 1256 4216 a

138 4255 260 4308 Reniero
278 4257 308 4305 in
325 4254 406 4309 Me'm.
426 4257 475 4307 des
494 4258 580 4322 antiq.
599 4257 632 4307 de
650 4257 760 4306 Franee
778 4259 798 4305 t.
819 4256 851 4304 22
871 4251 959 4318 (1855)
978 4269 1005 4318 p.
1024 4253 1134 4302 38-59.

209 4341 252 4405 m)
272 4339 329 4391 Cir.
348 4356 432 4407 snpra
449 4345 504 4392 not.
523 4344 564 4393 47.

208 4423 254 4489 53)
273 4425 332 4476 cfr.
350 4441 433 4492 supra
450 4443 476 4491 p.
495 4428 536 4477 96.
636 4495 638 4499 Ι

191 4543 312 4594 Herzog,
327 4542 411 4584 Galliae
422 4537 490 4583 'Narb
506 4541 559 4584 hist.
1018 4517 1055 4576 17
