3148 5160
468 437 577 494 rans
599 438 628 494 n.
673 409 779 494 cniva
802 438 844 504 n„
1155 443 1215 504 163

23 617 25 676 ζ
113 605 268 665 immunitas
291 610 321 664 et
342 605 388 664 ius
411 605 443 663 in
464 605 589 684 proprio
612 605 765 666 territorio
786 607 920 684 portoria
943 603 1139 686 capiendiw),
1164 607 1214 668 de·

23 683 25 802 Ξ
113 705 173 765 inle
194 725 224 766 ea
245 704 377 775 libertas,
402 722 490 783 quarn
513 706 619 766 Graeci
641 699 847 785 αὐτονομίαν
868 714 983 777 vocant,
1007 710 1068 770 sive
1082 711 1131 769 ius
1145 729 1214 788 prce

25 837 27 844 ι
113 808 177 884 priis
197 809 272 868 inter
296 826 328 868 se
351 806 481 884 legibue,
504 810 636 888 propriis
662 808 884 887 magistratibus
906 809 1023 880 utendi,
1047 830 1116 881 non,
1138 813 1216 872 sicut

115 907 202 968 Latina
222 909 346 989 oppida,
369 907 486 986 legibus
509 918 538 969 et
560 910 779 987 magistratibus
802 910 838 970 ad
860 911 1011 972 Romanae
1033 911 1215 990 reipublicae
1313 907 1315 910 ’

112 1009 222 1069 formam
245 1010 487 1081 accommodatis,
510 1011 564 1072 sed
578 1013 683 1089 patriis
702 1019 731 1072 et
754 1013 915 1089 antiquitus
930 1015 1081 1074 institutis.
1121 1013 1215 1084 Quam

23 1161 25 1184 ζ
113 1109 222 1170 obrem
243 1112 378 1174 instituta
400 1111 632 1174 Massiliensium
655 1113 829 1174 describens
853 1113 962 1176 Strabo
984 1114 1051 1196 (lv,
1077 1113 1147 1192 179)
1172 1115 1215 1175 di·

112 1212 161 1270 cit:
183 1208 423 1275 διοικοῦνται
445 1233 475 1274 κ.
492 1233 520 1274 τ.
538 1213 623 1274 1.-
639 1211 674 1274 oi
692 1211 729 1274 ci
745 1207 843 1293 νόμοι
862 1209 1013 1294 Ἰωνικοί,
1037 1211 1215 1294 πρόκειν-

112 1330 167 1371 ιιιι
186 1309 221 1372 ol
242 1311 402 1397 δημοσίᾳ,
432 1335 485 1377 sna
508 1333 627 1395 quoqne
650 1323 744 1378 aetate
769 1316 917 1378 veteribus
945 1317 1004 1378 illis
1026 1317 1142 1396 legibus
1165 1337 1216 1378 eos

59 1483 61 1488 s
111 1417 146 1473 uti
170 1412 332 1495 testans.²⁷)
376 1417 421 1481 Ex
455 1417 558 1478 eadem
587 1418 715 1496 denique
734 1419 876 1486 ,foederis
904 1421 1051 1497 aequitate
1080 1422 1217 1497 sequitur

23 1515 25 1584 J
111 1517 265 1580 iuscxules
281 1518 431 1578 Romanos
454 1521 484 1579 in
501 1521 649 1580 civitatem
665 1518 893 1582 Massiliensium
918 1521 1091 1602 recipiendi.
1130 1521 1216 1593 Quorl

23 1693 24 1700 ἵ
110 1619 150 1678 ius
169 1638 233 1680 cum
248 1619 364 1680 Tiberii
387 1627 483 1681 aetate
506 1640 521 1680 a
538 1621 771 1683 Massiliensibus
788 1630 989 1693 exerceretur,
1013 1625 1136 1684 fuerunt
1151 1626 1215 1701 qni·

23 1797 25 1804 Α
111 1719 168 1779 clem
189 1724 238 1798 qui
259 1729 510 1793 contestarentur,
535 1730 564 1784 at
585 1725 653 1783 rite,
667 1725 822 1785 defensum
845 1733 927 1806 esta
950 1725 1071 1786 Graecis
1094 1734 1124 1785 et
1145 1743 1216 1785 con·

23 1827 25 1840 ²
110 1822 244 1884 firmatum
266 1844 283 1883 a
307 1833 412 1884 senatu
426 1821 614 1914 Romano.²⁸)
661 1827 770 1887 Contra
792 1834 933 1887 renovato
956 1826 1076 1887 loedere
1097 1834 1216 1887 cautum

23 1923 24 1948 l
110 1941 165 1983 esse
189 1926 318 1995 videtur,
346 1931 380 1986 ut
408 1928 547 2005 proprios
576 1944 714 1988 nummos
747 1929 866 2005 signare
894 1929 1045 1987 desineret
1072 1925 1213 1996 Massilia;

113 2110 403 2122 *ᾖ

167 2232 208 2296 26)
227 2231 339 2283 Diserte
365 2247 420 2282 non
442 2231 560 2287 relatum
584 2233 753 2293 invenimus,
776 2233 816 2303 in·
830 2247 907 2281 suum
928 2247 1007 2282 usum
1029 2232 1152 2298 portoria
1171 2248 1216 2284 ex-

23 2303 25 2368 l
110 2315 190 2378 egisse
207 2316 379 2378 Massilism3
399 2332 462 2366 nam
481 2317 552 2380 quod
571 2315 671 2367 Strabo
690 2317 760 2366 dicit
777 2316 835 2380 (IV.
854 2334 879 2382 p.
899 2317 958 2381 183)
977 2317 1081 2367 reditus
1095 2335 1128 2367 ex
1140 2317 1218 2368 fosse

23 2387 25 2470 l
108 2397 223 2452 Mariana
235 2400 462 2452 Massiliensibus
482 2417 499 2450 a
511 2401 601 2450 Mario
621 2416 682 2450 esse
696 2408 853 2465 concessos,
873 2418 907 2452 ex
925 2402 1056 2452 hocloco
1074 2419 1128 2453 non
1142 2407 1217 2453 certo

109 2483 262 2550 affirmatur,
284 2487 480 2549 imperatorum
498 2500 607 2549 quoque
632 2489 725 2535 aetate
748 2485 776 2535 id
794 2487 837 2536 ius
856 2486 943 2536 fuisse
963 2484 1145 2550 Graecorum}
1169 2489 1217 2537 sed

40 2573 42 2578 '
109 2573 131 2616 et
147 2569 214 2620 alius
229 2566 488 2622 'civitates‘liberas
506 2569 558 2619 hoc
576 2569 635 2618 iure
659 2586 725 2620 usas
749 2585 811 2621 esse
831 2576 942 2621 constat
966 2572 1027 2634 (cfr.
1047 2569 1216 2636 Mnrquardt,
1280 2619 1289 2640 l

107 2652 250 2706 Handbueh
277 2659 306 2714 3,
327 2657 355 2717 1,
375 2656 424 2704 253
443 2658 500 2704 not.
521 2653 615 2717 1776),
641 2659 668 2704 et
691 2655 715 2704 si
737 2655 881 2706 Massiliae
905 2657 932 2704 i‹l
956 2661 1031 2706 esset
1049 2657 1216 2722 ademptum,

108 2736 195 2789 fnisset
211 2740 261 2790 illo
280 2740 352 2810 loco,
372 2738 442 2801 quod
459 2739 561 2788 Strabo
578 2739 631 2788 hoc
651 2744 883 2794 commemoraret.

166 2841 207 2904 27)
226 2841 285 2895 Cfr.
305 2840 502 2891 Senatuscons
522 2839 556 2890 de
575 2840 653 2889 Chiis
672 2841 753 2906 Oorp.
772 2843 854 2892 inser.
868 2841 967 2891 Graec
980 2857 1007 2890 ιι.
1022 2843 1101 2891 2222:
1121 2834 1215 2908 icor

107 2923 199 2990 uineae
216 2918 406 2992 ἐβεβαίωσεν,
425 2913 501 2983 οπως
521 2917 620 2991 νόμοις
637 2941 668 2976 τε
686 2923 735 2976 καὶ
751 2919 855 2976 ἔθεσιν
872 2923 922 2976 acl
940 2925 1066 2983 δικαίοις
1084 2925 1216 2992 χρῶνται,

106 2999 272 3105 wazso
253 3025 305 3091 ovs
323 3008 357 3075 τῇ
371 3001 515 3076 Ρωμαίων
538 3010 621 3076 φιλίᾳ
647 3009 831 3077 nocentior,
857 3009 906 3061 ἵνα
929 3025 960 3060 τε
978 3001 1033 3061 orco
1049 3002 1126 3104 μηθ’
1154 3028 1218 3075 cors·

23 3151 25 3168 ξ
106 3091 179 3142 orcis
196 3086 275 3162 τύπῳ
301 3109 369 3146 ωσιν
392 3085 537 3161 ἀρχόντων
560 3081 811 3161 ἣοιντοιρχόνιων,
836 3091 871 3145 oi'
883 3109 913 3145 ce
930 3085 998 3159 παρ’
1020 3098 1118 3154 αντοις
1137 3084 1217 3154 ὄντες

23 3173 24 3176 ’
101 3168 222 3242 Ῥωμαιοι
241 3182 306 3238 τοῖς
323 3169 453 3230 Χείων
437 3170 601 3230 νποιιιονωοι
619 3173 726 3244 νόμοις.

166 3280 210 3342 28)
227 3283 298 3332 Tae.
316 3281 388 3332 Ann.
406 3282 435 3342 4,
454 3282 500 3330 43:
515 3287 579 3330 'tuae
596 3287 726 3332 tractatae
744 3282 941 3332 Massiliensium
962 3297 1053 3346 preces
1071 3281 1218 3346 probatum-

105 3379 147 3426 que
158 3367 186 3418 Ρ.
195 3367 292 3417 ‘Rutilii
303 3352 458 3430 sescuplum?
474 3381 580 3430 namque
599 3382 652 3416 eum
665 3367 759 3430 iegibus
768 3369 868 3432 pulsum
879 3368 955 3416 ciuem
966 3366 1015 3416 sibi
1027 3365 1162 3432 Smyrnaei
1172 3369 1219 3416 arl-

105 3447 232 3509 diderantr
249 3467 300 3518 qao
313 3454 368 3500 iare
386 3451 412 3498 V
411 3452 518 3500 electius
530 3450 650 3500 Moschus
663 3454 724 3502 exal
734 3453 759 3500 in
772 3452 947 3501 Massilienses
958 3457 1078 3514 receptus
1095 3451 1161 3518 Ιὂοιιο
1172 3468 1219 3500 suo

23 3595 24 3598 Ἴ
104 3535 252 3604 reiprcbiicoe
271 3551 358 3586 eorum
375 3543 402 3584 ut
421 3537 525 3598 patriae
546 3537 696 3600 reliquerat.
714 3562 748 3573 -
767 3535 882 3600 Osylus‚
902 3535 1018 3585 Recueil
1036 3535 1218 3599 d'antiquite's

105 3621 162 3668 tom,
180 3621 229 3671 VI.
253 3637 280 3685 p.
302 3623 350 3670 130
368 3619 405 3684 pl.
425 3621 459 3670 39
482 3635 508 3668 ιι.
529 3623 544 3669 3
568 3619 649 3670 affert
667 3619 773 3670 silicem
793 3619 934 3685 (‘caillou
951 3618 1029 3670 roule'
1047 3620 1116 3670 dans
1135 3619 1163 3669 la
1181 3621 1235 3669 ri·'

104 3701 194 3768 viere)
213 3704 359 3768 insculpta
377 3705 456 3754 navis
475 3704 597 3769 imagine
616 3705 753 3770 insignem
775 3706 993 3770 inscriptumque
1016 3705 1093 3755 hisce
1112 3706 1218 3756 verbis:

104 3785 269 3854 Massaliter)
292 3782 468 3852 Φωιιίοιιέων)
488 3777 614 3852 issimi)
639 3780 823 3856 αὐτ(όνομος)
843 3792 956 3855 eiusque
975 3790 1091 3840 formam
1111 3789 1219 3854 longius

105 3869 242 3934 describit,
268 3873 352 3938 quasi
368 3874 430 3937 ipse
448 3871 549 3922 viderit
568 3872 707 3924 adiciensz
726 3873 902 3938 ‘l'antiquite
924 3874 957 3925 de
977 3877 1049 3926 cette
1068 3875 1158 3938 pierre
1177 3876 1219 3922 est

23 3943 25 4012 l
104 3953 337 4009 indoubitable'et
359 3957 401 4007 les
421 3957 578 4007 caracteres
597 3963 659 4008 sont
677 3957 713 4008 du
730 3958 858 4008 meilleur
875 3963 994 4023 temps’,
1020 3961 1105 4020 atque
1123 3971 1158 4006 ne
1176 3955 1219 4006 De

23 4021 25 4110 )
104 4037 129 4088 la
145 4041 286 4107 Ssusssye
306 4043 425 4106 quiderm
434 4041 578 4106 (Numism.
597 4043 630 4091 de
650 4044 678 4092 la
697 4041 787 4092 Gaule
810 4042 894 4094 Narb.
918 4059 944 4107 p.
964 4045 997 4092 80
1016 4042 1069 4104 sq.)
1092 4041 1145 4090 hoc
1162 4051 1219 4089 mo·

23 4115 25 4160 l
103 4131 256 4178 numentum
274 4130 405 4191 repetens
428 4127 462 4177 de
485 4129 647 4179 sinceritate
670 4128 788 4177 dubitat.
825 4125 861 4175 At
884 4127 952 4176 mihi
971 4126 1080 4189 quidem
1099 4139 1153 4173 non
1172 4123 1218 4172 du-

23 4197 25 4242 ἷ
103 4206 171 4258 bium
188 4213 309 4272 videtur,
328 4213 396 4275 quin
414 4212 518 4262 falsum
536 4214 574 4262 sit
591 4216 620 4262 et
637 4214 707 4261 satis
725 4211 819 4276 inepte
838 4211 1005 4269 confectum,
1024 4207 1095 4273 quod
1112 4208 1168 4257 nisi
1185 4223 1219 4257 ex

102 4292 164 4356 ipsis
183 4297 277 4346 verbis
297 4296 429 4358 eluceret,
448 4297 619 4347 indicaretur
637 4298 692 4346 iam
712 4311 753 4356 eo,
773 4293 844 4359 quod
858 4294 960 4358 Caylus
972 4296 1057 4353 tacet,
1076 4293 1124 4342 ubi
1143 4297 1220 4342 extet

103 4375 142 4426 hic
158 4379 235 4430 silex.

951 4464 1016 4529 11*
