3148 5160
515 471 599 527 PARS
620 471 651 526 ll.
695 470 800 527 CAPVT
823 472 864 529 lll.
1184 475 1245 537 239

125 637 317 698 sensionibus
344 637 556 699 Viennensium
585 637 774 699 decernendi.
785 635 807 717 9)
858 637 996 700 Generali
1024 637 1152 716 denique
1179 638 1245 716 lege

127 843 201 902 saris
218 841 365 902 mandatis
380 842 416 902 ab
431 843 611 921 imperatore
628 861 692 903 esse
708 837 909 919 adstrictos¹⁰)
932 847 1020 917 atque
1036 842 1141 903 eodem
1155 859 1245 902 sensu

126 940 270 1020 Ulpianus
300 943 386 1013 dicit,
421 942 615 1022 proconsules
644 946 739 1005 maius
766 945 924 1022 imperium
958 945 987 1002 in
1016 962 1068 1004 sua
1095 945 1245 1022 provincia

128 1043 239 1104 babere
263 1045 401 1106 omnibus
423 1053 492 1123 post
513 1042 735 1124 principem¹¹l
781 1047 824 1106 Ex
847 1044 939 1105 altera
961 1050 1045 1123 parte
1068 1045 1152 1105 side
1175 1044 1244 1104 sub·

125 1145 258 1206 levandis
280 1147 441 1226 provinciis
464 1147 620 1224 agebatur,
643 1150 839 1226 imperatores
867 1164 961 1223 aeque
992 1148 1149 1208 senatoriis
1176 1164 1244 1225 pro·

125 1249 231 1309 vinciis
253 1248 478 1328 prospiciebant
500 1256 588 1325 atque
611 1245 802 1329 propriis¹²);
828 1251 898 1325 quin
922 1249 1007 1308 etiam
1025 1266 1100 1325 quae
1122 1251 1153 1309 in
1176 1267 1245 1329 pro·

127 1351 231 1410 vinciis
254 1357 376 1411 senatus
397 1350 597 1430 provinciales
620 1352 736 1410 aerario
764 1349 885 1429 publico
914 1349 1076 1419 debebant,
1105 1352 1246 1430 princeps

125 1458 244 1530 poterat
272 1448 486 1531 remittere..¹³)
538 1451 623 1522 Quod
655 1471 724 1513 vero
753 1451 986 1531 repetundarum
1020 1469 1140 1512 caussae
1169 1451 1247 1531 apud

125 1561 262 1614 senatum
275 1553 448 1630 agebantur,
467 1555 530 1614 eins
546 1555 590 1614 rei
604 1552 658 1614 alia
675 1562 737 1616 erat
752 1556 838 1624 ratio,
856 1561 888 1615 ut
903 1556 961 1614 iam
975 1554 1044 1614 inde
1059 1553 1149 1622 vides
1167 1552 1246 1631 qnod

125 1673 185 1715 non
211 1654 306 1716 solum
329 1654 532 1733 proconsules,
557 1655 609 1716 sed
632 1658 720 1717 etiam
743 1655 832 1734 legati
848 1656 981 1716 Caesaris
1004 1674 1036 1716 ea
1060 1662 1179 1716 senatus
1202 1662 1245 1714 te·

125 1756 275 1817 nebantur
297 1756 511 1818 iurisdictione.

210 1859 248 1919 At
273 1865 394 1936 praeter
423 1857 559 1937 publicos
592 1859 695 1939 populi
725 1860 850 1920 Romani
884 1861 1073 1936 magistratus
1107 1860 1246 1937 proprios

124 1960 319 2037 magistratus
352 1962 382 2020 in
411 1962 576 2021 senatorias
608 1977 726 2037 quoque
759 1961 928 2039 provincias
961 1961 1042 2020 misit
1073 1963 1245 2039 imperator,

123 2068 338 2141 procuratores
361 2060 487 2131 scilicet,
518 2063 569 2138 qni
596 2061 688 2131 bona,
721 2080 756 2120 ex
786 2060 893 2138 quibus
917 2061 1024 2121 Caesar
1051 2059 1139 2120 heres
1160 2062 1245 2120 insti·

125 2169 277 2232 tueretur,
301 2162 431 2233 reditus,
456 2162 506 2240 qui
529 2182 564 2222 ex
585 2163 772 2242 patrimoniis
787 2162 921 2224 Caesaris
944 2163 1097 2222 evenirent
1119 2168 1149 2221 et
1171 2179 1246 2238 quae

124 2265 180 2326 alia
203 2265 267 2326 tisci
290 2272 398 2332 essent,
423 2264 673 2325 administrarent.
720 2263 804 2336 Quod
828 2263 957 2324 officium
981 2265 1035 2324 etsi
1057 2282 1112 2343 per
1136 2282 1167 2323 se
1183 2265 1244 2342 pri·

124 2368 183 2426 vati
205 2365 316 2443 aliquid
339 2365 444 2435 habet,
467 2365 620 2446 publicum
650 2372 749 2426 tamen
778 2366 887 2426 lactum
917 2372 963 2426 est
990 2385 1040 2434 eo,
1069 2365 1147 2443 quod
1175 2385 1245 2445 pro-

125 2467 299 2528 consulibus
322 2473 386 2528 erat
408 2469 637 2546 praescriptum,
662 2477 694 2529 ut
717 2467 903 2529 abstinerent
918 2467 955 2526 ab
970 2469 1145 2536 iiscaussis,
1170 2487 1246 2546 quae
1335 2489 1347 2513 ·

6 2571 34 2648 J
124 2569 161 2629 ad
185 2569 315 2630 fiscalem
336 2571 495 2648 pecuniam
522 2571 709 2648 pertinerent
736 2571 767 2630 in
795 2571 892 2646 iisque
913 2568 1148 2630 iurisdictionem
1177 2588 1244 2650 per·

123 2672 279 2731 mitterent
300 2671 556 2748 procuratoribus
570 2667 603 2749 ¹⁴¹)

388 2916 416 2967 1.
452 2914 504 2969 De
525 2912 650 2968 officiis
670 2903 986 2986 magistratuum.¹⁵)

211 3077 245 3137 ln
261 3075 452 3155 proconsulis
469 3077 580 3147 ciliciis,
607 3084 639 3137 ut
654 3077 726 3137 dicit
741 3075 898 3156 Ulpianus,
922 3077 1053 3155 primum
1068 3072 1166 3135 locum
1191 3075 1244 3135 ob·

124 3177 240 3238 tinebat
261 3179 441 3248 iurisdictio,
466 3196 542 3256 quae
563 3181 602 3238 ita
627 3183 690 3239 erat
711 3176 895 3257 plenissima,
926 3182 959 3237 ut
981 3183 1080 3256 partes
1103 3178 1243 3245 omnium,

124 3281 177 3356 qui
199 3279 311 3340 Romae
335 3280 378 3341 vel
402 3282 486 3357 quasi
509 3282 697 3358 magistratus
720 3279 766 3339 vel
788 3287 869 3339 extra
886 3279 1019 3338 ordinem
1036 3280 1082 3340 ius
1098 3278 1244 3348 dicebant,

123 3380 162 3441 ad
186 3399 254 3441 eum
276 3383 471 3460 pertinerent.
518 3382 610 3442 Erant
631 3383 722 3458 igitur
751 3383 815 3441 eius
836 3381 1049 3440 iurisdictionis
1077 3397 1172 3458 aeque
1199 3381 1244 3440 iu·

194 3649 219 3712 9)
238 3650 310 3702 Vell.
329 3652 439 3704 Patere.
459 3653 488 3710 2,
510 3653 566 3712 121,
586 3652 636 3700 cfr.
657 3667 740 3716 supra
757 3669 783 3717 p.
804 3654 861 3703 109.

195 3733 238 3799 10)
257 3736 289 3787 L.
308 3737 323 3784 6
341 3737 364 3796 5.
384 3741 399 3787 3
418 3737 483 3801 Dig.
502 3735 535 3785 ds
555 3734 599 3788 off.
619 3751 744 3800 procons.

163 3845 167 3852 .
196 3817 239 3882 11)
258 3819 290 3869 L.
308 3819 324 3868 8
342 3821 407 3885 Dig.
427 3820 512 3869 eiusd.
531 3819 575 3872 tit.

196 3903 238 3966 12)
259 3902 329 3959 cfr„
349 3903 419 3968 quae
439 3904 472 3954 de
491 3905 635 3969 provincia
653 3903 721 3954 Asia
739 3905 821 3955 affert
838 3907 892 3971 Dio
911 3907 957 3971 54,
977 3909 1018 3958 30.

195 3986 238 4051 13)
257 3987 315 4040 crr.
334 3988 401 4042 Tac,
417 4004 480 4040 ann.
498 3991 526 4052 2,
545 3991 591 4052 47,
611 3989 659 4038 ubi
676 3989 804 4039 Tiberius
823 3990 941 4039 refertur
958 3990 1101 4060 Sardianis
1113 3989 1197 4038 Asiae
1215 3990 1243 4038 in

124 4071 342 4136 quinquennium
360 4074 512 4134 remisisse,
532 4089 602 4137 quae
622 4078 650 4123 et
669 4075 776 4124 aerario
796 4077 823 4124 et
841 4073 909 4125 fisco
927 4074 1073 4124 debebant.

195 4156 238 4220 14)
256 4156 289 4209 L.
308 4158 324 4207 9
342 4172 382 4222 pr.
400 4158 465 4222 Dig.
485 4158 517 4207 de
538 4157 582 4207 011.
600 4151 726 4224 procons.

194 4240 236 4304 15)
257 4241 336 4302 Quae
354 4241 400 4291 hio
413 4241 536 4307 sequitur
554 4243 703 4307 expositio,
723 4245 749 4293 ei
767 4243 885 4294 subiecti
905 4247 968 4292 sunt
979 4241 1154 4306 Digestorum
1168 4243 1244 4292 tituli

123 4325 159 4376 de
178 4325 272 4376 0111010
290 4325 463 4391 proconsulis
482 4331 510 4376 et
527 4325 617 4391 legati
636 4327 671 4392 (1,
686 4327 738 4390 16),
757 4329 790 4378 de
804 4326 893 4378 0111010
912 4326 1066 4391 quaestoris
1086 4325 1189 4393 (1‚1a),
1208 4328 1242 4377 de

123 4409 218 4463 officio
238 4425 409 4462 assessorum
428 4407 464 4476 (1,
484 4409 537 4476 22).
