3148 5160
303 469 365 531 246
591 521 593 526 ,
683 465 767 522 PARS
789 464 819 520 ll.
863 463 970 520 CAPVT
992 463 1034 518 lll.

303 633 407 696 classis
429 635 580 694 continuis
608 633 720 694 vicibus
749 639 834 692 erant
861 631 1004 700 obnoxia,
1034 631 1163 708 ideoque
1191 630 1229 690 de
1255 629 1302 690 bis
1331 629 1426 692 rebus

302 744 370 816 post
392 743 507 797 certum
531 753 678 796 annorum
701 752 859 801 numerum
878 735 898 794 i.
916 751 941 794 e.
965 740 999 793 ut
1020 731 1136 793 videtur
1158 734 1288 812 primum
1306 732 1425 808 quinto,

302 843 406 918 postea
430 838 545 898 decimo
568 853 686 914 quoque
710 855 787 897 anno
809 835 1030 897 renovabantur
1051 829 1307 914 professionesv)
1407 905 1411 911 Ι

388 939 453 1010 Ouo
469 937 557 998 modo
573 939 733 999 constituta
748 937 877 999 lormula
892 937 1025 998 censuali
1040 935 1312 1017 praescribebatur,
1330 952 1425 1012 quau·

303 1045 366 1102 tum
391 1039 493 1102 tributi
516 1059 572 1118 pro
595 1039 719 1117 singulis
741 1041 834 1118 iugis,
859 1047 967 1116 quanta
990 1041 1035 1099 rei
1052 1037 1205 1100 familiaris
1228 1056 1306 1117 pars,
1331 1055 1425 1116 quan·

304 1149 367 1203 tum
389 1161 444 1221 pro
468 1140 593 1220 singulis
615 1139 786 1202 bominibus
809 1149 889 1202 esset
910 1139 1120 1221 pendendum
1145 1156 1273 1216 quorum
1295 1138 1426 1200 tributo-

302 1262 370 1304 rum
386 1245 517 1322 primum
532 1243 687 1304 dicebatur
702 1242 849 1304 tributum
865 1242 930 1312 soli,
943 1243 1002 1303 duo
1016 1242 1133 1321 reliqua
1147 1239 1259 1304 tributa
1270 1236 1427 1320 capitis.²⁶)

303 1346 462 1406 Praeterea
491 1345 528 1406 ad
555 1345 699 1406 tributum
728 1343 784 1406 soli
812 1344 993 1406 accedebant
1020 1345 1052 1404 in
1082 1361 1168 1404 usum
1198 1343 1430 1420 magistratuum

305 1447 550 1523 exercituumque
577 1465 712 1510 annonae
740 1448 800 1508 sive
829 1453 929 1507 certus
964 1445 1071 1508 modus
1100 1445 1251 1506 redituum
1285 1461 1429 1520 agrorum

304 1546 499 1616 naturalium,
523 1549 680 1618 frumenti,
705 1550 779 1617 vini,
804 1547 862 1608 olei
885 1547 1072 1627 aliarumque
1099 1565 1218 1616 rerum,
1247 1563 1322 1623 quae
1350 1548 1431 1606 vitae

305 1647 494 1726 quotidianae
510 1652 577 1710 usui
593 1648 809 1719 inserviebant,
826 1652 903 1711 sicut
918 1651 1050 1711 velorum
1068 1656 1097 1709 et
1113 1647 1180 1719 lini,
1200 1665 1274 1726 quas
1290 1667 1342 1709 res
1357 1646 1430 1709 Galu

303 1751 369 1812 licis
381 1752 543 1831 provinciis
556 1753 710 1830 impositas
724 1770 790 1812 esse
803 1750 913 1812 diserte
924 1757 1049 1812 testatur
1062 1751 1185 1812 Plinius.
1195 1746 1231 1828 ²⁷)
1253 1749 1360 1810 lllodus
1376 1767 1431 1810 au-

304 1860 365 1913 tem
380 1853 485 1914 tributi
496 1851 533 1912 dc
545 1853 626 1914 nullo
642 1870 753 1932 genere
768 1853 894 1915 traditur
909 1871 1007 1932 neque
1018 1855 1099 1913 omni
1110 1835 1246 1933 tempore
1261 1858 1326 1912 erat
1336 1851 1430 1912 idem.

218 1939 219 1944 ἵ
389 1955 457 2024 His,
482 1971 557 2031 quae
580 1956 788 2016 recensuimus
810 1955 931 2016 tributis
953 1955 1100 2017 obnoxiae
1123 1960 1209 2016 eraut
1229 1971 1334 2015 omues
1358 1971 1431 2032 pro·

305 2057 419 2116 vinciae
444 2062 473 2116 et
496 2064 616 2118 senatus
639 2058 700 2117 sive
722 2055 825 2136 populi
849 2062 878 2116 et
893 2055 1036 2126 Caesaris,
1061 2062 1150 2133 atque
1173 2071 1352 2135 quamquam
1374 2073 1431 2134 po·

305 2157 366 2238 puli
394 2159 563 2237 provincias
592 2159 713 2218 nomine
745 2157 1006 2237 stipendiariarum
1039 2157 1182 2236 distingui
1214 2157 1385 2216 invenimus
1414 2174 1433 2216 a

304 2261 467 2337 provinciis
496 2261 631 2321 Caesaris
658 2266 692 2320 ut
718 2259 897 2330 tributariis,
928 2266 1026 2320 tamen
1062 2258 1141 2320 aliud
1174 2276 1264 2338 quam
1297 2257 1433 2318 nominis

306 2360 465 2420 discrimen
499 2360 529 2421 id
558 2361 649 2422 luisse
684 2379 744 2421 non
771 2367 871 2440 potest
896 2359 1019 2440 probari
1047 2377 1145 2438 neque
1173 2359 1229 2420 alia
1258 2377 1294 2419 ex
1323 2375 1433 2419 caussa

307 2460 422 2521 videtur
457 2480 523 2522 esse
552 2469 668 2533 natum,
699 2479 786 2539 quam
820 2462 899 2539 quod
931 2461 1044 2523 liberae
1078 2460 1264 2541 reipublicae
1293 2468 1434 2538 tempore

306 2561 449 2623 tributum
471 2565 633 2641 provinciis
660 2564 764 2644 populi
786 2564 911 2624 Romani
940 2565 1112 2642 impositum
1140 2561 1345 2642 appellabatur
1375 2562 1431 2622 sti-

304 2661 503 2742 pendium.²⁸)
547 2665 580 2725 ln
602 2668 667 2746 ipsa
691 2674 789 2727 autem
812 2666 964 2745 provincia
988 2671 1088 2726 nostra
1116 2664 1236 2724 tributis
1264 2663 1319 2726 soli
1348 2664 1433 2742 capi-

305 2767 404 2842 tisque
425 2768 538 2845 pariter
562 2767 696 2830 subiecta
725 2773 810 2828 crant
838 2774 867 2826 et
895 2765 1002 2847 oppida
1031 2768 1138 2827 civium
1166 2765 1371 2826 Romanorum
1401 2771 1436 2824 et

305 2866 441 2928 coloniae
476 2868 614 2938 Latinae,
650 2874 791 2947 exceptae
824 2874 921 2928 autem
959 2867 1100 2937 Massilia,
1135 2868 1238 2928 civitas
1272 2865 1367 2927 libera
1402 2871 1436 2925 et

305 2970 456 3040 immunis,
481 2979 510 3032 ct
532 2972 661 3039 Vienna,
686 2987 803 3047 exque
828 2976 963 3048 tempore
986 2971 1061 3030 iuris
1085 2977 1149 3030 erat
1175 2967 1280 3029 ltalici.
1326 2967 1435 3045 Neque

306 3073 384 3132 enim
401 3074 549 3151 personis,
574 3072 625 3132 sed
650 3071 719 3132 sold
738 3071 879 3133 adstricta
901 3077 987 3131 erant
1005 3078 1034 3131 et
1057 3070 1168 3131 tributa
1192 3077 1222 3130 et
1245 3068 1436 3129 tributorum

373 3305 417 3370 25)
437 3305 494 3358 cn.
512 3307 619 3358 tribute
637 3308 666 3358 in
684 3307 899 3373 quinquennium
917 3307 1033 3358 remissa
1051 3307 1119 3358 Tac.
1139 3322 1204 3360 ann.
1222 3307 1248 3365 2,
1266 3307 1309 3357 47.
1328 3305 1368 3363 12,
1388 3305 1438 3356 58.

307 3391 348 3442 63.
383 3391 416 3440 L.
434 3391 451 3440 4
468 3407 509 3456 pr.
528 3392 562 3442 de
581 3407 656 3443 cens.
678 3390 740 3456 (50,
761 3391 821 3454 15):
846 3393 930 3455 formo
953 3394 1067 3442 censuali
1082 3396 1201 3454 cauetur,
1217 3397 1254 3440 'at
1271 3391 1329 3454 apri
1349 3391 1387 3439 etc
1408 3392 1440 3439 a'n

305 3490 405 3525 censum
422 3477 587 3538 referantur:
610 3493 698 3529 nomen
718 3479 795 3540 fundi
812 3479 930 3542 cuiusque
949 3483 974 3527 el
995 3478 1022 3526 in
1040 3478 1223 3542 placiditate,
1247 3483 1273 3526 et
1293 3491 1340 3541 quo
1361 3490 1438 3538 papo

303 3562 338 3610 cit
356 3566 381 3610 et
399 3577 462 3626 quor
480 3564 544 3612 duos
561 3563 656 3612 uicinos
673 3563 807 3626 proximos
833 3561 937 3620 babeat,
962 3568 988 3610 et
1009 3562 1038 3610 id
1060 3576 1162 3625 mum,
1186 3561 1257 3625 quod
1277 3561 1304 3608 in
1327 3560 1440 3608 decem

304 3651 405 3696 annos
426 3649 562 3711 proximos
584 3654 665 3697 catum
682 3649 745 3704 erit,
765 3653 825 3712 quot
843 3648 956 3710 iugerum
978 3647 1013 3696 sit
1036 3649 1088 3698 etc.
1111 3671 1143 3682 —
1169 3643 1229 3696 cfr.
1255 3645 1339 3695 etiam
1357 3642 1440 3693 Mar·

241 3770 243 3775 .
305 3729 404 3796 quardt
421 3730 440 3780 l.
460 3747 484 3780 c.
503 3734 528 3793 3,
547 3733 571 3790 2,
591 3732 638 3781 181
659 3746 685 3782 n.
705 3731 833 3781 963-66.

248 3813 250 3816 ’
374 3812 419 3880 26)
438 3814 494 3869 cfr.
513 3815 674 3880 Marquerdt
691 3815 710 3864 l.
730 3830 753 3864 c.
773 3818 797 3874 3,
817 3816 841 3873 2,
862 3815 918 3865 187.

372 3899 415 3962 27)
434 3899 505 3950 Plin.
523 3899 589 3952 biri,
607 3902 666 3948 net.
687 3900 734 3960 19,
753 3899 778 3947 2.
814 3899 856 3947 De
875 3899 992 3948 annonis
1016 3897 1193 3964 collariisque
1217 3899 1440 3964 magistratuum

304 3983 354 4033 cir.
374 3982 495 4033 Trebell.
515 3982 585 4033 Poll.
604 3983 667 4033 Div.
688 3980 785 4032 Claud.
806 3982 845 4031 14.
867 3983 906 4033 lb.
925 3982 1034 4047 Vopiso.
1054 3981 1136 4035 Prob.
1153 3984 1178 4033 4.
1197 3982 1292 4032 Aurei.
1310 3984 1335 4032 9.

372 4067 416 4129 28)
445 4067 531 4117 Gaius
551 4067 612 4116 inst.
632 4069 664 4130 2,
683 4069 728 4115 21:
756 4067 788 4115 ln
811 4067 899 4115 eadem
923 4083 1014 4116 caussa
1036 4076 1094 4117 suot
1114 4069 1287 4132 provincialia
1306 4067 1440 4132 praedia,

305 4168 408 4217 quorum
426 4153 478 4201 alia
489 4152 669 4216 stipendiaria,
688 4152 741 4199 alia
757 4151 896 4200 tributaria
908 4167 1038 4202 vocamus:
1055 4135 1229 4215 stipendiaria
1240 4159 1299 4202 sunt
1309 4166 1350 4213 ea,
1366 4163 1441 4216 quae

303 4239 330 4284 in
348 4237 386 4284 die
402 4238 540 4300 prouinciis
556 4243 627 4295 aaut,
647 4250 712 4300 quac
729 4237 855 4298 propriae
872 4238 963 4300 populi
974 4237 1082 4286 Romani
1098 4252 1154 4286 cose
1172 4239 1367 4301 intelleguntur,
1390 4241 1442 4286 trt-

303 4319 405 4368 datorio
421 4327 479 4369 cunt
497 4337 543 4384 eu,
563 4336 627 4385 quoe
647 4323 672 4370 in
690 4320 729 4370 bic
746 4321 885 4383 prouinciis
902 4328 975 4385 sunl,
1001 4337 1065 4386 quae
1089 4322 1216 4386 propriae
1236 4322 1357 4372 Caesaris
1376 4336 1442 4372 esse

304 4405 451 4452 creduntur.
