3154 5162
693 470 776 528 PARS
798 471 828 527 li.
872 469 978 526 GAI'VT
1000 469 1019 525 1.

760 746 873 841 Pers
903 743 957 840 Π.

300 954 528 1030 Provinciae
555 952 820 1029 Narbonensis
854 949 979 1052 qualis
1011 951 1061 1026 ab
1088 949 1264 1050 Augusto
1298 979 1424 1052 usque

464 1092 515 1166 ad
540 1089 825 1167 Diocletianum
853 1099 934 1164 erat
960 1089 1251 1165 administratio:

784 1298 934 1308 -——-——

385 1419 625 1493 Uninscninsqne
647 1417 817 1495 provinciae
838 1416 988 1479 Romanae
1017 1417 1232 1478 administratio
1255 1417 1336 1476 etin
1358 1422 1422 1477 toto

301 1527 364 1580 erat
387 1527 416 1578 et
438 1521 468 1579 in
492 1519 636 1598 partibus,
675 1519 778 1578 Partes
801 1527 899 1579 autem
921 1521 1090 1597 provinciae
1110 1517 1322 1588 Narbonensis,
1347 1536 1422 1595 qua·

196 1645 198 1652 s
300 1619 336 1680 iis
364 1641 381 1680 a
404 1620 529 1681 Caesare
557 1619 704 1680 dictatore
731 1626 762 1679 et
788 1621 824 1680 ab
851 1624 982 1698 Augusto
1011 1621 1172 1682 constituta
1200 1627 1260 1689 est,
1292 1618 1422 1680 vidimus

281 1716 393 1783 ¹inisse
427 1722 536 1802 oppida
568 1721 658 1782 certis
691 1723 851 1782 territoriis
880 1723 1106 1800 circumscripta
1136 1730 1165 1782 et
1194 1719 1296 1782 Italico
1329 1721 1421 1782 modo

301 1825 470 1885 constituta.
518 1823 580 1883 iam
603 1842 672 1884 vero
696 1825 722 1883 si
744 1823 775 1883 in
798 1841 855 1900 qna
878 1824 1004 1885 Romani
1025 1825 1143 1902 imperii
1165 1824 1317 1902 provincia
1340 1825 1421 1883 eius-

300 1924 380 1986 modi
402 1944 504 1986 rernm
527 1925 602 1986 ordo
624 1933 689 1986 erat
712 1928 906 1995 constitutus,
937 1926 1200 1988 administrationis
1226 1943 1297 2004 pars
1325 1927 1421 1985 maior

299 2028 396 2105 posita
419 2033 483 2088 erat
504 2045 563 2087 nen
585 2029 616 2086 in
639 2034 711 2096 teto,
736 2028 835 2087 sedin
855 2026 999 2106 partibus,
1023 2034 1056 2086 nt
1077 2044 1154 2105 quae
1177 2034 1277 2086 essent
1298 2017 1421 2103 quidem

300 2129 384 2207 qnasi
405 2131 602 2190 instrumenta
632 2128 791 2205 quaedam,
821 2127 929 2205 quibus
957 2129 1113 2189 universae
1141 2130 1310 2207 provinciae
1340 2131 1420 2206 regi·

299 2249 369 2290 men
397 2237 549 2299 uteretur,
579 2230 631 2290 sed
659 2231 887 2300 instrumenta.
903 2237 1167 2308 quantumcunque
1195 2229 1315 2309 imperii
1343 2233 1420 2290 ratio

299 2333 497 2411 permitteret,
521 2339 678 2393 automata.
725 2331 803 2408 Ergo
826 2333 851 2391 si
874 2332 1007 2408 quaestio
1022 2331 1204 2392 instituenda
1227 2338 1272 2391 est
1293 2331 1330 2391 de
1354 2333 1420 2392 uni·

301 2434 394 2492 versis
417 2434 586 2511 provinciae
607 2433 766 2516 institutis,
798 2434 900 2512 priore
923 2433 1004 2502 loco,
1034 2451 1109 2519 quae
1138 2452 1154 2494 a
1176 2431 1310 2512 partibus
1332 2451 1420 2511 prae·

198 2525 200 2532 '
300 2540 418 2614 sumpta
441 2535 479 2594 sit
506 2532 755 2595 administrandae
783 2536 952 2613 provinciae
974 2537 1087 2613 portio,
1120 2536 1180 2596 sive
1203 2534 1239 2594 de
1261 2536 1420 2595 institu-

300 2637 350 2697 tis
372 2635 668 2714 municipalibus
691 2642 810 2716 epertet
832 2653 1024 2713 quaeramus,
1048 2637 1215 2715 posteriore
1238 2635 1318 2705 ioco,
1343 2653 1422 2714 qnae

300 2736 433 2814 generali
455 2739 625 2816 provinciae
649 2737 896 2799 administrationi
924 2741 983 2798 sint
1004 2737 1122 2808 relicta,
1153 2739 1214 2798 sive
1243 2737 1280 2798 de
1307 2739 1419 2798 insti-

301 2840 397 2899 tutis
424 2843 579 2919 proprie
606 2839 918 2918 provincialibus.
968 2841 1005 2900 At
1032 2858 1099 2902 eum
1136 2841 1292 2917 utriusque
1326 2841 1422 2918 partis

300 2941 525 3003 fundamentum
549 2959 637 3001 nemo
659 2959 719 3001 non
741 2940 838 3002 videat
852 2948 1005 3002 externam
1028 2959 1093 3001 esse
1109 2943 1277 3020 provinciae
1292 2941 1422 3002 sormam

302 3044 362 3102 sive
385 3044 674 3104 territoriorum
697 3042 918 3102 divisionem
941 3042 1179 3121 oppidorumque
1205 3044 1236 3118 in
1259 3043 1295 3103 iis
1319 3043 1421 3123 dispo·

301 3145 448 3211 sitionem,
472 3146 604 3204 omnium
626 3145 756 3222 primum
779 3161 849 3221 ager
865 3143 1054 3223 provincialis
1069 3145 1228 3204 territoriis
1249 3144 1423 3226 descriptus

302 3252 369 3303 ante
392 3243 494 3304 oculos
517 3252 562 3305 est
582 3245 748 3325 ponendus

708 3465 1012 3476 m.—

774 3632 895 3702 caput
918 3633 951 3688 Ι.

643 3789 819 3868 Descriptio
846 3791 1076 3852 territoriorum.

788 3975 935 3984 ...—

385 4107 557 4169 Provinciae
579 4107 782 4172 Narbonensis
804 4112 946 4180 sormam
976 4111 1072 4190 qualis
1100 4115 1268 4191 conscripta
1296 4120 1360 4174 erat
1388 4116 1423 4176 in

301 4209 514 4287 imperatorum
538 4213 772 4281 commentariis
802 4214 826 4272 si
849 4214 1007 4273 restituere
1030 4233 1187 4283 conamur,
1216 4214 1423 4278 definiendum

302 4308 387 4368 nobis
410 4318 468 4379 est,
492 4312 570 4389 quod
594 4314 738 4389 cuiusque
761 4311 862 4393 oppidi
884 4333 993 4375 nornen
1015 4316 1119 4384 fuerit,
1155 4317 1206 4391 qui
1228 4317 1317 4385 situs,
1342 4336 1423 4395 quae

302 4409 409 4484 cuique
429 4411 578 4473 inferioris
601 4413 713 4474 ordinis
736 4413 798 4476 loca
822 4417 881 4476 sint
902 4415 1056 4486 attributa,
1087 4419 1138 4493 qui
1166 4435 1237 4494 agro
1265 4419 1423 4481 constituti

1469 4383 1482 4415 b
