3184 5162
301 465 341 528 14
756 462 956 521 Puooutuvu.

299 633 443 694 rebantur
464 649 580 694 merces
602 637 748 700 coemere,
772 649 845 711 quas
863 650 917 710 per
940 649 1022 692 mare
1044 633 1075 692 in
1097 630 1169 692 alias
1192 643 1289 694 terras
1311 650 1417 712 perve-

300 735 415 795 herent.

384 836 523 897 Ceterum
545 853 600 915 per
622 833 741 912 aliquod
765 841 882 914 tempus
898 843 927 895 et
942 835 1141 897 Massilienses
1158 844 1187 897 et
1202 836 1302 898 Celtae
1317 838 1417 915 potius

301 937 376 998 ultra
398 938 566 1018 Pyrenaeos
590 943 620 997 et
641 935 729 1015 Alpes
752 936 887 997 videntur
902 937 1062 998 tetendisse
1078 956 1166 1016 quam
1181 941 1318 1017 proxima
1330 957 1417 998 ¹com·

300 1039 387 1100 moda
410 1058 475 1100 esse
498 1041 600 1100 secuti.
638 1037 837 1100 Massilienses
856 1038 976 1117 quidem
992 1040 1111 1100 vixdum
1134 1043 1221 1110 nacti,
1244 1039 1296 1102 ubi
1318 1040 1416 1119 aliquo

300 1142 388 1202 modo
411 1142 624 1209 consisterent,
653 1140 751 1202 denuo
780 1158 869 1200 naves
891 1141 1127 1202 conscendentes
1153 1142 1262 1202 auxilio
1284 1142 1415 1219 reliquo·

300 1261 367 1304 rum
389 1242 623 1304 Phocaeensium
645 1249 713 1302 ante
735 1244 834 1303 omnia
850 1241 985 1304 obtinere
1001 1242 1166 1312 studebant,
1189 1251 1223 1304 ut
1243 1246 1416 1305 universum

302 1346 391 1406 maris
419 1343 523 1406 Gallici
551 1345 762 1405 commercium
792 1345 876 1422 quasi
904 1363 987 1406 suam
1016 1350 1196 1423 usurparent
1223 1347 1414 1424 provinciam,

301 1467 317 1508 a
340 1464 397 1524 qua
425 1464 529 1507 omnes
555 1444 685 1524 reliquas
712 1446 848 1506 nationes
876 1465 965 1525 quarn
992 1446 1165 1524 longissime
1192 1455 1337 1508 arcerent.
1381 1447 1415 1507 ln

299 1548 357 1609 hoc
378 1555 477 1609 autem
500 1555 606 1609 conatu
629 1547 679 1607 uhi
700 1548 829 1625 primum
853 1549 914 1608 sive
932 1549 1116 1628 Pyrenaeum
1139 1551 1358 1628 praetergressi
1379 1548 1416 1608 ad

203 1725 205 1729 Ι
301 1650 459 1729 Hispaniae
487 1657 586 1708 oram'
601 1657 803 1726 pervenerunt
838 1650 899 1708 sive
930 1649 1042 1710 ltaliam
1071 1668 1174 1710 versus
1201 1656 1414 1719 commearunt,

301 1769 424 1812 necesse
458 1756 522 1810 erat
555 1767 663 1810 manus
696 1758 891 1812 consererent
921 1771 989 1812 cum
1023 1751 1331 1829 Cardraginiensihus,
1365 1754 1416 1830 qui

302 1854 385 1930 quasi
406 1851 588 1912 hereditario
609 1852 676 1911 iure
705 1853 801 1932 Tyriis
824 1852 1017 1913 succedentes
1039 1871 1075 1913 eo
1102 1854 1168 1934 ipso
1199 1861 1333 1934 ternpore
1361 1873 1416 1933 per

300 1955 459 2034 Hispaniae
483 1972 550 2014 oras
573 1941 678 2033 et¹pcr
700 1952 813 2014 insulas
828 1954 995 2015 Sardiniam
1019 1962 1048 2015 et
1063 1955 1213 2017 Corsicam
1236 1975 1296 2018 non
1318 1955 1415 2016 solum

302 2058 434 2136 emporia
457 2056 629 2135 disponere,
660 2056 711 2116 sed
739 2057 805 2135 ipsa
836 2058 986 2117 territoria
1008 2072 1084 2134 quae
1112 2057 1204 2119 littori
1233 2057 1414 2127 adiacebant,

301 2165 463 2238 coeperant
490 2175 646 2236 occupare.
692 2159 734 2218 De
764 2177 823 2238 quo
851 2161 931 2218 inter
960 2158 1089 2220 Graecos
1119 2166 1149 2219 et
1175 2160 1292 2220 Poenos
1320 2167 1415 2222 certa-

300 2262 390 2329 mine,
413 2259 493 2337 quod
514 2258 774 2318 vehementissime
796 2261 860 2320 sine
882 2260 973 2320 duhio
995 2278 1050 2339 per
1075 2259 1125 2322 illa
1147 2279 1278 2339 aequora
1299 2267 1415 2340 gestum

302 2369 355 2430 est,
367 2360 453 2421 ‘haec
468 2361 531 2421 lere
551 2359 637 2420 nobis
652 2359 759 2420 tradita
776 2368 857 2421 sunt:
881 2361 1012 2422 Primum
1028 2363 1172 2442 Pyrenaei
1187 2364 1303 2424 radices
1317 2371 1414 2424 trans·

301 2463 377 2522 vecti
405 2461 610 2522 Phocaeenscs
636 2463 667 2520 in
696 2461 854 2542 Hispaniae
885 2482 937 2524 ora
971 2463 1169 2525 condiderunt
1196 2465 1352 2544 Emporias
1362 2462 1413 2543 48),

301 2563 408 2623 deinde
430 2562 571 2623 audacius
597 2565 629 2623 in
655 2563 719 2623 dies
741 2571 880 2641 vagantes
901 2574 1103 2643 pervenerunt
1130 2584 1224 2645 prope
1247 2567 1283 2627 ad
1305 2568 1415 2626 fretum

301 2664 451 2732 Herculis;
476 2681 564 2741 quam
587 2665 667 2725 enim
690 2665 835 2745 Scymnus
859 2665 948 2727 Chius
971 2674 1000 2727 et
1020 2668 1129 2728 Strabo
1152 2675 1314 2728 extremam
1337 2667 1414 2728 Pho-

301 2767 471 2829 caeensium
493 2767 677 2828 occidentem
701 2785 805 2829 versus
828 2769 973 2829 coloniam
996 2769 1107 2839 dicunt,
1131 2770 1269 2831 Maenaca
1292 2770 1346 2829 sita
1371 2775 1416 2829 est

283 2869 336 2942 ¹ad
352 2888 435 2930 oram
450 2868 608 2948 Hispaniae
624 2870 761 2931 Baeticae
777 2871 846 2938 sive,
866 2876 898 2929 ut
914 2870 1059 2950 Scymnus
1073 2870 1191 2941 indicat,
1215 2889 1310 2950 prope
1325 2889 1414 2930 unam

301 2989 337 3031 ex
358 2971 478 3040 insulis,
502 2988 578 3048 quae
594 2971 749 3033 columnae
764 2956 902 3055 Herculis
921 2973 1107 3034 vocabantur.
1116 2969 1153 3051 4⁹)
1191 2972 1372 3043 Quinetiam
1389 2973 1415 3031 si

366 3241 411 3308 48)
434 3243 506 3292 Plin.
524 3243 589 3292 hist.
608 3258 635 3293 n.
655 3247 683 3305 3,
703 3245 730 3294 4:
757 3243 909 3308 Emporiae,
932 3246 1054 3309 pentinum
1078 3244 1125 3294 doc
1146 3251 1256 3294 ceterum
1278 3245 1414 3294 incolarum

300 3334 325 3377 et
345 3328 510 3387 Graecorum,
530 3333 573 3393 qut
589 3327 785 3378 Phocaeensium
798 3329 874 3390 suere
891 3328 998 3379 soboles.

367 3412 411 3476 49)
435 3411 542 3475 Scymn.
562 3411 646 3462 Chius
665 3412 821 3463 146-149:
845 3411 896 3478 μιά
920 3407 1027 3465 τούτων
1045 3406 1077 3464 dl
1101 3412 1155 3477 (sc.
1175 3411 1230 3464 τῶν
1244 3402 1415 3478 Ἡρακλέους

300 3495 419 3563 στηλῶν)
436 3489 661 3564 Marcomanni}
679 3489 760 3555 πόλις
778 3489 855 3558 ἐστὶν
873 3490 970 3563 ἐγγύς,
988 3489 1129 3563 Μαινάκη
1149 3493 1322 3563 καλουμένη*
1341 3486 1414 3560 αὕτη

300 3575 370 3646 πρὸς
383 3573 523 3646 Εὐρώπην
536 3576 569 3632 δὲ
582 3579 638 3632 τοῖν
648 3574 820 3647 Ἑλληνίδων
832 3577 941 3634 πόλεων
954 3573 1076 3649 ἐσχάτην
1088 3578 1146 3648 ἔχει
1159 3577 1251 3633 θέσιν.
1276 3582 1375 3633 Strabo
1389 3587 1414 3643 3,

300 3683 327 3731 p.
347 3667 410 3716 156:
433 3658 542 3731 ταύτην
560 3665 609 3730 (sc.
628 3661 681 3733 τὴν
697 3659 857 3733 Μαλάκην)
880 3661 957 3727 τινὲς
979 3663 1013 3733 τῇ
1029 3658 1169 3733 Μαινάκη
1187 3659 1240 3732 τὴν
1258 3659 1350 3733 αὐτὴν
1368 3683 1415 3718 νο·

300 3749 438 3818 μίζσνσιν,
456 3738 493 3816 ἣν
509 3743 633 3818 ὑστάτην
651 3751 706 3803 τῶν
724 3751 881 3803 duacenae
893 3746 1001 3804 πόλεων
1013 3744 1082 3816 πρὸς
1095 3743 1175 3802 δύσει
1191 3747 1326 3819 κειμένην
1343 3769 1416 3816 παρ-

300 3831 472 3902 ειλήφαμεν,
496 3829 548 3888 οὐκ
567 3831 625 3890 ἔστι
648 3831 694 3887 δέ·
718 3827 781 3889 ἄλλ’
805 3829 900 3903 ἐκείνη
919 3831 972 3902 μὲν
989 3826 1122 3900 ἀπωτέρω
1141 3835 1191 3901 τῆς
1208 3829 1326 3902 Κάλπης
1344 3829 1415 3902 ἔστί,

300 3915 526 3987 κατεσκαμμένη,
546 3914 581 3972 τά
600 3912 629 3972 δ’
649 3919 714 3988 ἴχνη
733 3913 859 3984 σάξονσα
873 3913 1036 3986 Ἑλληνικῆς
1054 3913 1174 3985 πόλεως,
1198 3911 1215 3987 ἡ
1235 3917 1267 3972 dh
1285 3913 1415 3972 Μάλακα
1475 3969 1477 3974 .

299 4006 420 4072 πλησίον
437 4005 560 4077 μάλλονῖ
579 3999 728 4072 Φοινικικὴ
746 4005 785 4071 τῷ
802 4001 932 4074 σχήματι,
969 4005 1100 4055 Contudit
1117 4010 1212 4055 ‘antem
1228 4005 1368 4056 Malacam
1386 4011 1416 4056 et

299 4092 465 4143 Maenacam
487 4091 583 4143 Avien.
607 4108 646 4142 or.
669 4093 760 4142 merit.
783 4107 810 4142 v.
833 4091 884 4140 426
906 4105 946 4154 sq.
994 4089 1074 4151 Quod
1103 4090 1202 4140 deinde
1230 4089 1324 4154 Steph.
1347 4091 1415 4153 Byr.

299 4179 465 4228 Maenecem
488 4176 584 4227 urbem
603 4177 740 4227 Celticem
758 4175 833 4238 dicit,
853 4175 882 4224 id
902 4173 1003 4224 Miiller
1020 4175 1050 4224 in
1068 4191 1161 4241 geogr.
1176 4190 1274 4240 ‘graec
1293 4175 1359 4226 min.
1379 4177 1415 4226 ad

300 4261 409 4327 Scymn.
429 4261 478 4311 Oh.
496 4262 515 4311 l.
534 4262 552 4312 l.
572 4267 647 4312 recte
670 4262 734 4311 inde
762 4259 898 4324 explicet,
923 4259 993 4323 quod
1012 4257 1167 4326 Stephanus
1190 4259 1263 4308 sicut
1281 4257 1415 4322 Scymnus
1517 4328 1522 4336 ·

301 4348 391 4396 omnia
410 4362 460 4397 sua
478 4363 512 4396 ex
523 4348 633 4412 Ephoro
650 4346 762 4407 habeat,
781 4344 907 4410 Ephorus
920 4347 1012 4394 autem
1029 4348 1116 4395 totam
1128 4343 1294 4409 Hispaniam
1307 4344 1416 4395 referat

301 4431 336 4482 ad
354 4431 491 4482 Celticum
508 4434 659 4498 regionem.
693 4431 772 4480 Dicit
790 4433 881 4479 autem
899 4427 1071 4494 Stephanus:
1092 4422 1198 4493 Μάνη,
1221 4423 1343 4492 Κελτική
1363 4425 1416 4480 πό-
