3154 5162
302 440 341 504 80
689 435 774 494 PARS
795 436 814 492 1.
858 434 965 492 utevr
988 435 1017 490 ll.

301 606 332 666 in
354 607 450 666 locum
470 603 504 664 P.
523 602 670 680 Scipionis
693 595 863 664 substitutus
890 608 919 662 et
944 600 988 662 aa
1012 599 1205 662 deducendas
1230 602 1261 660 in
1286 601 1417 661 Galliam

300 709 445 776 edonias,
474 708 612 782 laqueis
639 705 741 766 Narbo
767 714 796 765 ct
824 705 945 766 Arelate
968 712 1071 772 mant,
1099 706 1205 764 missos
1230 708 1290 772 cst;
1318 709 1417 764 tomen

303 810 432 872 Caesare
453 811 549 870 occiso
575 804 688 870 conctis
716 807 870 868 turbarum
898 811 976 867 nnnc
1004 807 1189 868 abolitionem
1207 804 1289 878 facti
1308 805 1418 866 decer-

300 913 435 974 ocatibas
461 915 550 972 etiam
577 912 615 972 ae
633 911 777 987 praemiis
795 911 1055 986 tyrannicidarum
1076 906 1270 980 referendum
1292 909 1416 967 censuit.

301 1014 385 1076 Unde
407 1014 481 1076 baec
508 1011 644 1092 colligas:
675 1030 743 1074 cum
769 1010 881 1072 bellum
911 1010 1144 1072 Alexandrinum
1171 1008 1310 1069 inciderit
1339 1026 1417 1068 anno

301 1137 326 1178 a.
350 1115 401 1177 Cb.
427 1123 483 1186 47,
513 1122 637 1196 apparet
658 1116 781 1176 missum
808 1115 839 1174 in
862 1112 985 1174 Galliam
1015 1131 1081 1174 esse
1109 1112 1153 1173 Ti.
1178 1110 1333 1172 Claudium
1356 1127 1417 1170 non

301 1226 369 1280 ante
397 1236 506 1278 aunum
535 1221 592 1286 46;
623 1236 691 1278 cum
718 1222 817 1277 autem
846 1234 881 1276 eo
904 1222 1054 1295 tempore,
1083 1232 1141 1294 quo
1170 1213 1286 1274 occisus
1315 1216 1361 1272 est
1383 1211 1414 1272 C.

302 1319 424 1389 Caesar,
452 1320 497 1380 Ti.
522 1318 661 1381 Claudius
688 1320 746 1380 iam
774 1335 915 1379 reversus
943 1323 1023 1378 esset
1051 1324 1081 1377 et
1106 1317 1138 1376 in
1161 1322 1265 1376 senatu
1288 1313 1417 1381 sederet,

302 1439 425 1482 necesse
448 1428 493 1482 est
515 1420 674 1482 absolverit
704 1427 767 1480 tum
794 1421 947 1499 negotium
970 1418 1026 1478 sibi
1048 1418 1236 1485 mandatum
1266 1433 1339 1494 ergo
1361 1416 1420 1476 luit

300 1525 330 1584 in
360 1523 452 1584 Galba
479 1522 665 1584 Narbonensi
694 1523 778 1582 annis
805 1525 845 1587 46
875 1529 904 1582 et
931 1526 1104 1596 45,·atque
1133 1537 1210 1580 anno
1239 1537 1263 1580 a.
1293 1516 1345 1578 Ch.
1375 1521 1419 1582 46

301 1626 417 1685 initium
444 1625 555 1684 iactum
583 1631 629 1685 est
655 1622 812 1684 mutandae
839 1623 1010 1701 provinciae
1044 1623 1156 1683 iormae
1190 1639 1206 1682 a
1235 1618 1419 1690 deducendis

302 1725 477 1803 quibusdam
511 1726 620 1785 civium
653 1724 856 1786 Romanorum
889 1723 1023 1786 coloniis.
1081 1723 1165 1795 Quod
1200 1723 1317 1782 initium
1350 1721 1420 1780 lieri

302 1846 361 1890 uon
383 1829 494 1907 potuit,
518 1828 576 1888 nisi
599 1826 635 1886 de
658 1845 730 1906 agro
753 1825 979 1887 Massiliensium
1006 1833 1071 1886 erat
1092 1824 1259 1894 decretum,
1289 1824 1358 1900 quia
1384 1824 1419 1882 in

301 1929 380 1992 hunc
402 1947 508 2008 agrum
530 1928 663 1990 coloniae
685 1928 753 1990 illae
776 1927 1014 1995 deducebantur;
1045 1945 1116 2005 ergo
1140 1926 1244 1987 eodem
1266 1924 1316 1986 illo
1338 1943 1418 1985 anno

302 2040 331 2093 et
353 2039 437 2093 vetus
459 2033 603 2092 territorii
630 2029 820 2110 provincialis
848 2036 941 2090 status
970 2036 1014 2089 est
1041 2028 1175 2089 sublatus
1204 2033 1233 2088 et
1254 2045 1348 2087 novus
1369 2027 1418 2086 in-

302 2135 431 2205 stitutus.
447 2134 569 2205 -Quo
585 2132 673 2195 modo
691 2133 716 2192 si
730 2133 846 2192 initium
863 2132 1043 2201 invenimus,
1071 2136 1164 2192 restat
1186 2137 1220 2190 ut
1239 2130 1328 2189 linem
1352 2129 1420 2189 eius

303 2238 402 2314 operis
425 2252 611 2313 quaeramus
657 2233 699 2294 De
727 2252 787 2314 qua
813 2252 847 2293 re
877 2234 902 2292 si
930 2239 1046 2294 veteres
1073 2230 1260 2310 geographos
1288 2229 1418 2291 conferi·

301 2355 383 2406 meus,
414 2341 550 2416 apparet,
578 2354 640 2396 uon
668 2335 756 2396 modo
784 2335 983 2412 Pomponium
1011 2332 1130 2405 Melam,
1165 2335 1215 2410 qui
1245 2351 1322 2394 anno
1352 2333 1419 2392 iere

301 2456 331 2517 p.
355 2436 406 2499 Ch.
431 2443 472 2503 40
494 2435 604 2497 librum
628 2455 714 2499 suum
738 2433 929 2516 conscripsit,
959 2436 1011 2498 sed
1034 2437 1122 2497 eliam
1145 2434 1335 2505 Strabonem,
1365 2435 1420 2510 qui

302 2546 441 2617 quartum
464 2539 564 2618 operis
591 2540 637 2599 sui
665 2538 790 2608 librum,
819 2556 877 2618 quo
905 2539 1074 2600 continetur
1102 2544 1221 2598 nostrae
1247 2537 1419 2616 provinciae

302 2641 475 2720 descriptio,
507 2640 672 2702 coniecisse
700 2659 732 2702 se
758 2639 869 2701 indicat
891 2642 976 2700 annis
998 2659 1026 2719 p.
1052 2639 1103 2701 ch.
1129 2645 1169 2708 18
1192 2646 1221 2700 et
1244 2645 1283 2706 19
1293 2635 1338 2716 ¹⁶),
1363 2637 1418 2698 ab-

301 2741 427 2806 solutam
451 2741 558 2804 vidisse
581 2739 692 2803 Galliae
714 2741 916 2804 Narbonensis
938 2743 1073 2802 formam.
1118 2742 1155 2802 At
1177 2740 1270 2803 multo
1290 2742 1421 2819 propius

302 2843 477 2906 accedemus
500 2843 536 2906 ad
558 2845 719 2906 terminum
741 2862 831 2923 quem
853 2845 1024 2922 quaerimus
1047 2841 1151 2903 collata
1175 2835 1222 2912 ea,
1246 2859 1334 2921 quam
1356 2840 1418 2901 Pli-

301 2948 369 3008 nius
389 2948 421 3006 in
442 2944 584 3007 historiae
607 2945 750 3008 naturalis
777 2944 855 3007 libro
883 2947 972 3006 tertio
1002 2945 1074 3027 (cap.
1100 2944 1128 3024 5)
1155 2944 1218 3015 dat,
1247 2944 1421 3023 provinciae

300 3049 511 3128 descriptione.
557 3048 614 3120 Qui
636 3066 703 3110 cnm
727 3055 757 3109 ot
777 3048 807 3106 in
829 3049 894 3127 ipso
919 3065 953 3106 eo
981 3047 1077 3125 capite
1099 3065 1255 3107 mensuras
1278 3065 1294 3106 a
1316 3064 1348 3105 se
1370 3046 1418 3104 in·

301 3149 412 3210 dicatas
436 3169 471 3210 ex
494 3151 715 3211 commentariis
737 3150 885 3228 Agrippae
907 3148 1078 3227 desumptas
1102 3167 1167 3210 esse
1190 3149 1364 3229 profiteatur
1387 3153 1422 3206 et

301 3254 524 3322 insuetorum,
555 3269 631 3329 quos
654 3259 775 3314 secutus
799 3251 851 3320 sit,
880 3249 978 3310 indice
1000 3251 1161 3330 Agrippam
1185 3232 1331 3319 nominet,
1355 3265 1421 3308 non

301 3359 400 3432 potest
422 3370 489 3414 esse
511 3350 642 3425 dubium,
666 3356 736 3434 quin
761 3355 856 3415 torma
878 3350 1004 3412 aPlinio
1025 3352 1153 3412 exhibita
1176 3354 1331 3413 maximam
1347 3368 1420 3428 par-

295 3462 362 3514 tem
385 3453 548 3531 eademsit
570 3462 658 3533 atque
681 3454 745 3525 illa,
770 3472 858 3533 quam
880 3455 1009 3534 Agrippa
1035 3454 1106 3515 vidit
1129 3461 1159 3515 et
1180 3456 1210 3514 in
1233 3457 1420 3514 commenta-

301 3557 354 3616 riis
377 3557 438 3616 suis
461 3557 627 3635 descripsit.
673 3557 795 3619 Constat
817 3563 930 3626 autem,
959 3574 1014 3636 pro
1042 3556 1235 3617 fundamento
1263 3572 1420 3614 commen·

301 3658 446 3718 tariorum
466 3676 591 3720 vsuorum
613 3662 774 3740 Agrippam
797 3677 830 3718 ea
853 3657 1007 3728 habuisse,
1038 3675 1114 3734 quae
1135 3661 1309 3720 invenerant
1332 3654 1421 3716 orbis

301 3766 451 3820 terrarum
483 3758 526 3820 illi
561 3760 760 3833 dimensoreS,
794 3761 844 3838 qui
877 3780 893 3820 a
925 3759 998 3819 lulio
1028 3759 1154 3821 Caesare
1183 3758 1311 3819 instituti
1339 3775 1421 3834 opus

371 3964 412 4026 15)
430 3963 572 4013 Describit
589 3962 664 4012 Mela
682 3962 803 4014 Galliam
821 3964 1029 4014 Narbonensem
1047 3963 1083 4013 ΙΙ.
1104 3963 1128 4016 5.

370 4047 412 4110 16)
438 4046 537 4098 Strabo
554 4049 602 4098 IV.
626 4063 653 4113 p.
672 4049 736 4099 206:
759 4039 869 4107 πάντας
896 4036 925 4098 δ’
952 4043 1058 4098 ἔπαυσε
1086 4039 1167 4109 (τοὺς
1191 4035 1339 4110 Νωρικοὺς
1365 4044 1422 4098 καὶ

303 4130 492 4196 Taoolanoos)
511 4129 567 4184 τῶν
585 4120 693 4198 ἇνέδην
715 4130 904 4199 καταδρομῶν
924 4126 1054 4197 Τιβέριος
1077 4129 1127 4184 καὶ
1146 4123 1161 4181 d
1180 4122 1308 4196 ἀδελφὸς
1326 4123 1422 4182 αὐτοῦ

302 4215 428 4280 Δροῦσος
446 4217 548 4284 deceta
565 4213 630 4284 μιᾷ,
655 4207 721 4268 ὥστ’
743 4207 799 4282 ἤδη
824 4216 918 4280 τρίτον
936 4214 985 4268 aul
1003 4210 1171 4282 τριακοστὸν
1190 4210 1251 4274 ἔτος
1270 4207 1360 4278 ἐστίν,
1387 4207 1421 4280 ἐξ

302 4287 336 4351 od
354 4292 427 4352 καθ’
450 4296 574 4369 ἡσυχίαν
596 4292 676 4361 ὄντες
701 4294 910 4354 incoronata
934 4292 1000 4360 τοὺς
1023 4297 1139 4366 φόρους.
1174 4301 1345 4350 Derioerunt
1368 4316 1421 4350 au·

257 4418 259 4424 -
301 4389 357 4434 tem
376 4390 473 4450 gentes
491 4385 605 4451 Alpinas
623 4387 751 4437 Tiberius
771 4391 798 4436 et
816 4387 921 4436 Drusus
940 4387 1020 4435 aunis
1040 4402 1065 4435 a.
1085 4384 1134 4437 Ch.
1155 4387 1186 4436 16
1205 4389 1232 4435 el
1251 4386 1291 4436 15.
