3148 5160
433 513 436 518 .
510 470 593 527 PARS
615 469 645 527 ll.
689 471 794 528 CAPVT
816 471 847 526 ll.
1168 471 1228 534 201

122 638 234 718 publice
257 639 370 699 idcirco
390 639 624 708 instituebantur,
647 645 680 699 ut
694 640 893 699 necessarium
910 637 1038 713 publicis
1058 639 1231 700 utilitatibus

123 757 237 818 apuam
253 738 501 817 praeberent.¹¹⁴)
523 741 589 802 Utri
605 758 641 800 er
663 739 709 801 his
732 740 892 818 generibus
915 739 1052 817 quodque
1075 739 1230 818 collegium

123 845 157 904 sit
177 843 446 911 adnumerandum,
477 860 536 904 non
567 848 665 921 potest
693 843 810 902 definiri
838 849 867 902 et
889 841 966 902 fabri
987 843 1149 922 imprimis,
1179 843 1231 918 qui

122 963 261 1023 persaepe
289 950 576 1013 commemorantur,
606 951 745 1023 poterant
774 950 803 1003 et
830 945 935 1022 privati
964 950 993 1003 et
1019 943 1130 1021 publici
1158 963 1231 1004 usus

122 1048 274 1108 caussam
297 1046 413 1125 collegii
435 1047 561 1107 sormam
585 1047 664 1124 cogi;
688 1047 718 1105 in
741 1051 842 1106 nostra
858 1051 958 1106 autem
971 1045 1122 1124 provincia
1137 1063 1230 1106 unum
1321 1049 1324 1054 “

122 1146 221 1208 saltem
250 1149 395 1209 eiusmodi
423 1148 578 1226 collegium
607 1147 708 1206 videor
735 1145 807 1206 mihi
834 1145 1075 1224 deprehendere,
1105 1163 1231 1226 corpora

121 1251 247 1329 quinque
274 1249 523 1312 naviculariorum
551 1251 735 1310 marinorum
763 1246 993 1316 Arelatensium,
1027 1255 1059 1309 ut
1092 1250 1142 1328 qui
1174 1267 1230 1329 pro

120 1359 242 1429 patrono
264 1350 424 1413 habuerint
451 1357 678 1430 procuratorem
699 1352 902 1428 Augustorum
929 1349 965 1411 ad
987 1367 1134 1410 annonam
1160 1369 1230 1429 pro·

97 1452 679 1530 ·vinciaeNarbonens1setLiguriae.
724 1453 761 1512 At
784 1459 813 1512 et
834 1453 865 1511 in
887 1451 933 1511 his
956 1449 1071 1511 duobus
1094 1452 1231 1530 opificum
1297 1437 1299 1442 ⁵

120 1555 276 1632 generibus
307 1561 335 1614 et
362 1557 394 1614 in
423 1554 560 1614 omnihus
588 1553 734 1632 collegiis,
764 1572 840 1632 qnae
868 1554 1039 1613 tenuiorum
1066 1551 1229 1623 hominum,

118 1657 261 1735 imprimis
287 1656 464 1717 libertorum
493 1663 591 1724 erant,
625 1673 818 1735 quaecunque
852 1660 915 1716 erat
949 1674 1052 1716 caussa
1085 1655 1230 1735 specialis,

119 1759 286 1836 generalem
308 1760 410 1837 utique
434 1766 462 1820 et
483 1764 657 1839 perpetuam
681 1775 816 1818 caussam
838 1759 929 1818 inisse
951 1776 1016 1819 rem
1038 1757 1229 1827 funerariam,

119 1859 260 1922 concludo
294 1878 329 1920 ex
363 1859 497 1938 exemplo
533 1859 813 1937 dendrophororum
841 1858 1024 1928 Polcnsium,
1060 1861 1111 1936 qui
1143 1858 1232 1920 simili

118 1963 202 2023 modo
228 1961 264 2022 ad
286 1979 336 2022 res
358 1980 457 2023 sacras
477 1961 668 2040 pertinebant
685 1981 718 2021 ac
734 1963 828 2021 nostri
843 1962 974 2040 pausarii
989 1959 1074 2021 isidis
1091 1961 1128 2038 (n.
1147 1960 1229 2040 351),

119 2063 233 2142 collegii
255 2070 353 2124 autem
376 2081 511 2126 caussam
532 2065 564 2124 in
587 2082 623 2123 eo
645 2062 795 2123 habehant
815 2063 954 2141 positam,
984 2068 1017 2121 ut
1044 2079 1230 2121 communem

118 2165 304 2246 possiderent
319 2161 565 2244 sepulturam.¹¹⁵)
589 2166 709 2226 Poterat
724 2172 821 2224 autem
838 2163 983 2224 eiusmodi
998 2161 1154 2240 collegium
1170 2180 1231 2222 nou
1298 2166 1300 2170 ’

119 2267 212 2330 solum
236 2274 338 2328 mutuo
361 2268 418 2327 niti
440 2265 562 2336 auxilio,
586 2266 638 2326 sed
657 2267 749 2326 etiam
771 2265 915 2327 beneficio
943 2266 1083 2324 constitui
1103 2262 1231 2326 hominis

118 2351 239 2430 alicuius
261 2367 396 2448 opulenti
418 2387 454 2429 ex
478 2369 672 2446 suapecunia
687 2387 785 2429 arcam
801 2363 916 2444 collegii
931 2368 1128 2434 instituentis;
1153 2366 1231 2443 quod

117 2487 202 2530 nemo
225 2469 420 2549 impediebat,
445 2470 515 2530 dum
538 2488 575 2530 ne
598 2469 670 2549 quid
693 2489 728 2530 ex
744 2468 871 2548 puhlicis
886 2468 1017 2546 legibus,
1043 2485 1118 2545 qnae
1134 2469 1231 2530 omnia

118 2571 238 2651 collegia
260 2570 415 2641 tenebant,
438 2572 508 2632 inde
531 2577 783 2652 corrumperetur.
796 2567 843 2648 116)
863 2605 897 2614 -
924 2571 966 2630 De
988 2570 1101 2650 reliqua
1123 2569 1231 2632 horum

117 2673 308 2752 collegiorum
330 2675 446 2734 ratione
474 2692 567 2754 pauca
595 2680 694 2733 tamen
722 2681 791 2734 sunt
819 2672 959 2733 dicenda:
989 2672 1115 2733 vidimus
1138 2672 1231 2733 semel
1262 2727 1265 2732 .

115 2774 144 2834 iu
166 2793 270 2836 mense
293 2782 467 2854 corporatos
489 2776 598 2834 coisse:
622 2776 653 2835 in
677 2774 822 2836 eiusmodi
841 2773 976 2834 coetibus
990 2773 1125 2836 solebant
1140 2792 1228 2853 quae·

116 2876 181 2938 dam
215 2895 299 2938 sacra
330 2879 443 2946 iacere,
478 2875 604 2956 epulari,
640 2878 670 2935 in
705 2875 800 2954 epulis
834 2873 981 2954 sportulas
1014 2875 1159 2944 dividere,
1194 2875 1230 2934 de

117 2969 264 3039 communi
292 2978 410 3057 collegii
443 2996 477 3038 re
507 2995 610 3056 agere,
641 2995 803 3055 earumque
835 2994 938 3036 rerum
966 2975 1040 3036 ordo
1073 2974 1140 3053 lege
1168 2982 1231 3035 erat

115 3081 325 3159 praescriptus.
374 3080 468 3152 Quam
491 3081 577 3139 anxie
600 3097 670 3140 vero
693 3077 819 3138 Romani
840 3076 913 3136 haec
936 3075 1059 3153 collegia
1088 3081 1228 3137 coercue-

114 3182 173 3242 rint
195 3188 226 3242 et
248 3183 393 3250 caverint,
417 3199 455 3241 ne
478 3181 514 3241 ad
537 3181 608 3242 alias
631 3199 750 3242 caussas
773 3181 1025 3241 constituerentur
1047 3197 1130 3248 neve,
1154 3197 1230 3258 quae

115 3285 273 3343 constituta
296 3290 410 3353 essent,
441 3285 559 3362 saepius
587 3301 675 3360 quam
705 3301 720 3342 e
748 3282 813 3360 lege
841 3280 946 3340 liceret
968 3279 1175 3348 convenirent,
1201 3286 1230 3340 et

113 3383 180 3444 iude
204 3385 352 3454 videmus
377 3384 456 3462 qnod
478 3383 574 3463 leges,
600 3383 870 3457 senatusconsulta,
893 3383 1063 3460 principum
1087 3383 1228 3443 constitu-

113 3487 210 3546 tiones
232 3485 269 3546 de
293 3505 326 3546 ea
348 3505 382 3546 re
405 3485 531 3562 agebant
554 3492 584 3547 et
605 3486 688 3557 inde,
718 3484 798 3566 quod
821 3485 966 3545 Traianus
988 3482 1129 3552 Plinium,
1159 3502 1228 3564 pro·

112 3588 226 3648 vinciae
248 3587 402 3668 Bithyniae
425 3587 603 3667 praesidem,
627 3594 705 3654 vetat
725 3588 933 3647 incendiorum
947 3605 1050 3647 caussa
1073 3584 1229 3662 collegium

114 3755 419 3767 -------

181 3873 244 3943 114)
262 3875 294 3926 L.
314 3877 330 3927 5
347 3878 371 3939 ξ,
392 3877 423 3925 12
441 3875 505 3941 Dig.
524 3875 557 3926 de
575 3875 634 3926 inre
652 3875 764 3930 immun.
783 3872 836 3940 (50,
855 3873 891 3939 6).

181 3975 245 4042 115)
263 3979 427 4036 Mommsen,
451 3976 485 4027 do
504 3976 604 4042 colleg.
626 3994 652 4042 p.
672 3979 717 4037 st,
743 3977 792 4026 ubi
809 3977 882 4026 hanc
902 3975 983 4026 affert
1004 3973 1226 4038 inscriptionem

112 4063 303 4126 dendropboris
325 4064 469 4114 Fulcinium
493 4061 520 4114 0.
538 4063 683 4112 Laecanius
709 4061 870 4124 Theodorus,
893 4062 1016 4110 sacerdos
1038 4059 1126 4108 motuis
1149 4058 1228 4106 Deum

110 4161 218 4211 mupnue
236 4147 346 4210 Idaeae,
364 4149 443 4198 locum
458 4162 508 4211 pro
525 4149 658 4210 sepultura
676 4147 753 4196 dedit.

179 4245 242 4312 116)
262 4246 319 4297 cn.
338 4251 396 4298 not.
419 4261 513 4313 praec.
537 4251 564 4298 et
587 4263 649 4314 app.
667 4251 751 4300 nostr.
775 4262 802 4296 n.
821 4247 884 4309 222,
907 4245 955 4295 ubi
978 4247 1111 4308 patronus
1133 4242 1227 4292 nescio

111 4331 173 4396 quis
192 4330 341 4397 collegium
353 4331 462 4381 videtur
474 4332 643 4384 constituere
655 4332 816 4383 libertorum
828 4344 937 4380 suorum
952 4328 1043 4392 iisque
1058 4324 1227 4378 mausoleum

111 4419 139 4465 et
158 4429 255 4466 aream
273 4429 442 4466 communem
460 4416 553 4466 donat.
