3154 5162
572 441 655 498 PARS
676 441 696 498 l.
740 441 846 499 CAPV'l
868 442 898 500 ll.
1255 443 1295 506 95

170 609 335 670 convenire
358 606 430 668 mibi
451 607 583 679 videtur,
608 607 689 685 quod
710 607 837 689 Aleche
859 608 1018 680 Reiorum,
1041 610 1126 672 cuius
1148 609 1196 671 ius
1214 609 1292 672 Lati·

169 729 247 772 num
270 729 286 771 a
308 707 383 770 lulio
399 710 526 771 Caesare
547 711 754 788 repetivimus
778 711 809 771 in
830 709 1076 791 inscriptionibus
1097 718 1221 772 vocatur
1243 731 1292 773 co·

169 813 255 874 lonia
281 811 354 873 Iulia
381 812 526 886 Augusto.
578 811 718 872 Ceterum
745 811 818 873 Alba
847 813 977 890 Augusta
1010 829 1158 890 nusquam
1186 814 1294 875 dieitm

167 917 240 976 iure
269 914 392 976 civitatis
421 931 487 974 esse
515 931 588 982 usa;
628 920 694 974 erat
719 915 820 993 potius
852 933 936 976 mera
970 917 1057 977 statio
1090 916 1294 996 oppidumque

1 1024 2 1031 ’
117 1025 119 1027 ’
168 1015 387 1078 contributum.

259 1118 393 1197 benique
415 1118 510 1196 possit
530 1117 611 1187 lieri,
641 1123 675 1178 ut
703 1116 801 1180 eidem
828 1135 951 1179 caussae
979 1119 1127 1198 originem
1156 1118 1295 1181 debuerit

168 1218 363 1289 Valentia,
388 1219 467 1296 quod
490 1217 634 1298 oppidum
655 1220 686 1279 in
709 1235 780 1298 agro
803 1219 947 1282 Cauarum
970 1222 1163 1283 constitutum
1184 1223 1255 1283 item
1277 1241 1293 1282 a

167 1320 270 1383 Plinio
292 1327 468 1382 recensetur
489 1321 568 1381 inter
590 1320 721 1381 colonias
744 1321 851 1383 civium
866 1321 1086 1392 Romanorum,
1109 1323 1188 1384 unde
1204 1322 1293 1385 simul

167 1430 311 1503 apparet,
341 1422 465 1500 Augusti
492 1423 551 1482 iarn
580 1427 675 1482 aetate
705 1439 769 1484 eam
798 1421 944 1484 coloniam
973 1425 1115 1486 extitisse.
1161 1425 1293 1486 Primum

169 1526 255 1586 enim
278 1525 304 1584 si
326 1543 342 1583 a
364 1523 439 1586 lulio
460 1524 588 1585 Caesare
611 1523 738 1584 deducta
761 1531 842 1586 esset
864 1514 952 1586 simul
975 1544 1043 1602 cum
1064 1526 1189 1605 reliquis
1211 1525 1292 1588 colo·

167 1628 231 1688 niis
255 1625 447 1696 militaribus,
476 1625 575 1706 aliquo
598 1625 686 1686 modo
715 1626 746 1686 id
774 1635 1039 1690 commemoratum
1067 1635 1146 1690 esset
1174 1647 1191 1690 a
1218 1631 1292 1690 scri·

166 1727 327 1809 ptoribns;
352 1727 460 1788 deinde
484 1745 552 1788 enm
574 1729 638 1790 viae
661 1735 691 1788 et
705 1729 735 1788 iu
752 1729 912 1790 Vocontios
935 1737 964 1790 et
979 1731 1010 1790 iu
1025 1729 1202 1808 Allobroges
1223 1731 1293 1792 inde

167 1830 380 1900 deverterant,
414 1827 662 1890 verisimillimum
695 1837 754 1900 est,
788 1829 859 1891 huic
890 1833 1039 1893 occasioni
1071 1833 1132 1892 sire
1159 1835 1292 1911 Augusto

170 1949 240 1992 eam
270 1929 415 1992 coloniam
444 1949 510 1991 esse
538 1929 736 1993 tribuendam.
782 1932 915 2002 Accedit,
945 1932 1024 2009 quod
1050 1933 1115 2012 ipse
1141 1934 1293 2012 Augustus

167 2035 205 2093 in
226 2039 419 2094 monumento
434 2033 590 2113 Aneyrano
611 2033 724 2094 indicat
746 2032 878 2094 colonias
898 2051 930 2094 se
951 2035 982 2093 in
999 2032 1091 2094 Gallia
1106 2031 1293 2094 Narbonensi

169 2136 348 2196 instituisse.
400 2134 483 2210 Quae
517 2133 666 2206 coloniae,
701 2153 769 2196 cum
802 2134 917 2205 Narbo,
950 2134 1125 2205 baeterrae,
1156 2136 1290 2205 Arausio,

168 2235 291 2307 Arelas,
324 2237 437 2298 Forum
466 2235 534 2298 Iulii
567 2239 728 2298 constituta
761 2242 862 2297 essent
894 2255 909 2298 a
937 2236 1012 2297 lulio
1040 2237 1182 2306 Caesare,
1216 2235 1291 2296 aliae

168 2346 273 2401 autem
296 2340 402 2400 civium
424 2338 629 2401 Romanorum
658 2338 791 2400 coloniae
813 2339 938 2416 Augusti
959 2345 1054 2399 aetate
1081 2337 1123 2398 ibi
1150 2357 1210 2399 non
1240 2357 1290 2398 ex-

168 2448 272 2502 tarent
292 2445 413 2520 praeter
434 2439 500 2502 illas
523 2448 553 2501 et
569 2444 712 2503 Viennam
733 2440 970 2518 valentiamque,
993 2459 1054 2501 non
1077 2447 1203 2519 possunt
1224 2459 1291 2501 esse

168 2545 232 2604 nisi
252 2541 309 2602 bae
331 2541 424 2612 duae,
454 2542 637 2620 eaedemque
664 2544 689 2604 si
711 2541 798 2604 Plinii
825 2542 924 2604 locum
948 2549 1085 2605 accurate
1111 2543 1290 2621 interpreta-

168 2663 257 2714 mur,
278 2662 384 2705 revera
406 2645 625 2722 quodammodo
648 2664 665 2705 a
680 2645 744 2705 llivi
759 2643 825 2705 lulii
841 2642 965 2706 coloniis
980 2645 1119 2705 videntur
1139 2644 1289 2722 distingui.

169 2748 281 2810 Utrum
308 2765 380 2808 vero
413 2764 449 2806 ex
478 2747 627 2807 veteranis
654 2764 691 2806 an
721 2765 757 2806 ex
788 2747 936 2824 indigenis
963 2747 1001 2806 sit
1029 2747 1203 2814 constituta,
1232 2763 1293 2806 non

167 2853 273 2929 potest
299 2848 366 2908 dici.
394 2881 429 2892 -
461 2847 664 2925 Quaecunque
691 2847 788 2909 adbuc
814 2850 946 2926 Augusto
975 2845 1148 2914 tribuimus,
1177 2854 1228 2908 ant
1256 2845 1292 2906 ad

168 2952 235 3011 vias
264 2945 441 3011 sternendas
469 2956 520 3010 aut
547 2949 584 3010 ad
612 2948 809 3011 ordinandum
836 2947 1015 3027 oppidorum
1038 2946 1218 3008 Gallicorum
1244 2947 1292 3008 ius

169 3054 399 3133 pertinuerunt;
423 3057 454 3112 at
474 3051 500 3112 N
507 3052 663 3120 emausi,
692 3051 743 3130 qui
766 3057 795 3110 et
816 3051 881 3128 ipse
903 3068 1014 3110 nomen
1036 3047 1170 3109 coloniae
1191 3048 1290 3126 Augu·

170 3161 237 3216 stae
259 3153 376 3223 babuit,
400 3153 476 3214 ratio
499 3160 545 3214 est
566 3151 637 3221 alia;
661 3170 737 3232 quae
760 3151 875 3212 colonia
898 3151 934 3212 ab
949 3152 1084 3229 Augusto
1104 3167 1203 3228 neque
1220 3168 1290 3210 eon·

170 3255 236 3316 dita
258 3262 304 3316 est
325 3270 423 3333 neque
444 3255 511 3315 iure
533 3261 659 3324 mutata,
684 3254 736 3315 sed
759 3272 875 3314 summa
896 3272 968 3314 cura
992 3257 1142 3314 exornata.
1182 3253 1292 3313 Verum

171 3375 244 3418 cum
266 3355 508 3435 banoAugustus
528 3355 735 3417 liberalitatem
756 3354 1008 3416 Nemausensibus
1030 3352 1204 3433 praebuerit
1224 3360 1294 3433 post

169 3459 355 3540 provinciam
384 3459 500 3520 senatui
529 3457 682 3528 traditam,
712 3459 790 3519 inira
818 3459 888 3527 erit,
918 3456 998 3537 quod
1025 3456 1062 3517 de
1085 3474 1120 3518 ea
1142 3475 1175 3526 re
1198 3455 1291 3517 disse·

170 3578 285 3622 ramus

260 3657 368 3723 Contra
392 3679 468 3740 quae
490 3663 568 3723 cirea
590 3661 664 3722 fines
685 3661 855 3740 provinciae
877 3661 908 3721 in
929 3659 1053 3740 Alpibus
1074 3660 1225 3738 Augustus
1246 3661 1293 3720 in·

171 3765 282 3834 stituit,
312 3782 346 3826 ea
374 3765 477 3841 utique
506 3762 695 3824 attribuenda
723 3771 793 3824 sunt
822 3762 863 3823 illi
894 3765 996 3834 aetati,
1026 3779 1083 3840 qua
1112 3762 1168 3823 sub
1196 3763 1292 3842 ipsius

170 3867 299 3945 Augusti
326 3865 463 3931 manibus
491 3873 555 3928 erat
577 3864 669 3926 Gallia
692 3864 908 3936 Narbonensis,
937 3882 1035 3942 neque
1063 3866 1183 3924 omnino
1211 3865 1290 3940 eogi-

170 3967 296 4029 tandum
326 3973 390 4028 erat
418 3967 455 4027 de
483 3966 539 4028 bac
566 3967 717 4046 provincia
746 3968 863 4029 senatui
889 3964 1103 4046 permittenda,
1132 3971 1291 4040 antequam

170 4078 307 4148 gentes
328 4069 484 4148 Alpinae
505 4086 631 4148 prorsus
655 4076 755 4130 esseut
776 4069 904 4130 domitae
922 4074 951 4130 et
966 4068 1069 4128 finium
1085 4064 1121 4126 ab
1136 4065 1191 4125 bac
1206 4072 1292 4143 parte

170 4171 336 4250 descriptio
358 4169 503 4232 absoluta.
541 4171 633 4233 Erant
654 4176 753 4231 autem
776 4169 832 4231 bae
854 4175 958 4248 gentes
981 4169 1145 4230 Ceutrones
1167 4168 1197 4226 in
1209 4165 1289 4245 Alpi·

168 4273 229 4335 bus
253 4273 365 4343 Graiis,
390 4271 500 4334 Salassi
522 4274 600 4334 circa
622 4274 784 4350 Augustam
805 4272 1003 4340 Praetoriam,
1028 4270 1160 4329 civitates
1183 4267 1290 4329 Cottia·

168 4394 227 4438 nae
250 4377 330 4436 inter
351 4373 442 4455 Alpes
462 4373 565 4435 Graias
589 4380 618 4434 et
640 4375 811 4436 maritimas.
842 4373 903 4434 lam
918 4389 988 4432 vero
1004 4387 1101 4447 neque
1117 4370 1290 4440 Ceutrones,
