<?xml version="1.0" encoding="UTF-8"?>
<!DOCTYPE html PUBLIC "-//W3C//DTD XHTML 1.0 Transitional//EN"
    "http://www.w3.org/TR/xhtml1/DTD/xhtml1-transitional.dtd">
<html xmlns="http://www.w3.org/1999/xhtml" xml:lang="en" lang="en">
 <head>
  <title>
</title>
<meta http-equiv="Content-Type" content="text/html;charset=utf-8" />
  <meta name='ocr-system' content='tesseract 3.04.00' />
  <meta name='ocr-capabilities' content='ocr_page ocr_carea ocr_par ocr_line ocrx_word'/>
</head>
<body>
  <div class='ocr_page' id='page_1' title='image "./galliaenarbonen01herzgoog_0044.png"; bbox 0 0 3184 5162; ppageno 0'>
   <div class='ocr_carea' id='block_1_1' title="bbox 289 450 947 518">
    <p class='ocr_par' dir='ltr' id='par_1_1' title="bbox 289 450 947 518">
     <span class='ocr_line' id='line_1_1' title="bbox 289 450 947 518; baseline -0.011 -3"><span class='ocrx_word' id='word_1_1' title='bbox 289 455 330 518; x_wconf 85' lang='lat'><strong>28</strong></span> <span class='ocrx_word' id='word_1_2' title='bbox 748 450 947 510; x_wconf 78' lang='lat' dir='ltr'><strong>rnuumssvn.</strong></span> 
     </span>
    </p>
   </div>
   <div class='ocr_carea' id='block_1_2' title="bbox 289 616 1405 1205">
    <p class='ocr_par' dir='ltr' id='par_1_2' title="bbox 289 616 1405 1205">
     <span class='ocr_line' id='line_1_2' title="bbox 290 616 1404 699; baseline -0.002 -19"><span class='ocrx_word' id='word_1_3' title='bbox 290 622 352 680; x_wconf 88' lang='lat' dir='ltr'><strong>cari</strong></span> <span class='ocrx_word' id='word_1_4' title='bbox 373 621 480 699; x_wconf 87' lang='lat' dir='ltr'><strong>possis,</strong></span> <span class='ocrx_word' id='word_1_5' title='bbox 505 618 689 696; x_wconf 82' lang='lat' dir='ltr'><strong>Allobroges,</strong></span> <span class='ocrx_word' id='word_1_6' title='bbox 714 620 765 696; x_wconf 89' lang='lat' dir='ltr'><strong>qui</strong></span> <span class='ocrx_word' id='word_1_7' title='bbox 786 625 888 698; x_wconf 89' lang='lat' dir='ltr'><strong>postea</strong></span> <span class='ocrx_word' id='word_1_8' title='bbox 912 616 989 678; x_wconf 88' lang='lat' dir='ltr'><strong>ultra</strong></span> <span class='ocrx_word' id='word_1_9' title='bbox 1012 617 1121 680; x_wconf 88' lang='lat' dir='ltr'><strong>isaram</strong></span> <span class='ocrx_word' id='word_1_10' title='bbox 1144 616 1325 684; x_wconf 71' lang='lat' dir='ltr'>habitabant,</span> <span class='ocrx_word' id='word_1_11' title='bbox 1343 623 1404 678; x_wconf 86' lang='lat' dir='ltr'><strong>tum</strong></span> 
     </span>
     <span class='ocr_line' id='line_1_3' title="bbox 290 719 1405 800; baseline -0.004 -18"><span class='ocrx_word' id='word_1_12' title='bbox 290 739 349 782; x_wconf 89' lang='lat' dir='ltr'><strong>non</strong></span> <span class='ocrx_word' id='word_1_13' title='bbox 373 721 467 782; x_wconf 89' lang='lat' dir='ltr'><strong>solum</strong></span> <span class='ocrx_word' id='word_1_14' title='bbox 491 723 522 781; x_wconf 91' lang='lat' dir='ltr'><strong>in</strong></span> <span class='ocrx_word' id='word_1_15' title='bbox 544 721 665 791; x_wconf 77' lang='lat' dir='ltr'><strong>dextra,</strong></span> <span class='ocrx_word' id='word_1_16' title='bbox 695 720 746 780; x_wconf 90' lang='lat' dir='ltr'><strong>sed</strong></span> <span class='ocrx_word' id='word_1_17' title='bbox 776 739 792 780; x_wconf 94' lang='lat' dir='ltr'><strong>a</strong></span> <span class='ocrx_word' id='word_1_18' title='bbox 820 721 939 780; x_wconf 85' lang='lat' dir='ltr'><strong>sinistra</strong></span> <span class='ocrx_word' id='word_1_19' title='bbox 968 738 1086 800; x_wconf 86' lang='lat' dir='ltr'><strong>quoque</strong></span> <span class='ocrx_word' id='word_1_20' title='bbox 1109 720 1208 781; x_wconf 81' lang='lat' dir='ltr'><strong>Isarae</strong></span> <span class='ocrx_word' id='word_1_21' title='bbox 1230 722 1294 798; x_wconf 92' lang='lat' dir='ltr'><strong>ripa</strong></span> <span class='ocrx_word' id='word_1_22' title='bbox 1319 719 1405 780; x_wconf 91' lang='lat' dir='ltr'><strong>sedes</strong></span> 
     </span>
     <span class='ocr_line' id='line_1_4' title="bbox 289 810 1403 901; baseline -0.002 -19"><span class='ocrx_word' id='word_1_23' title='bbox 289 819 480 901; x_wconf 76' lang='lat' dir='ltr'><strong>babuisse⁸³l</strong></span> <span class='ocrx_word' id='word_1_24' title='bbox 517 822 693 900; x_wconf 79' lang='lat' dir='ltr'>Allobroges</span> <span class='ocrx_word' id='word_1_25' title='bbox 721 824 822 901; x_wconf 90' lang='lat' dir='ltr'><strong>utique</strong></span> <span class='ocrx_word' id='word_1_26' title='bbox 849 823 928 882; x_wconf 91' lang='lat' dir='ltr'><strong>inter</strong></span> <span class='ocrx_word' id='word_1_27' title='bbox 955 822 1036 883; x_wconf 90' lang='lat' dir='ltr'><strong>illius</strong></span> <span class='ocrx_word' id='word_1_28' title='bbox 1057 823 1188 900; x_wconf 77' lang='lat' dir='ltr'><strong>regionis</strong></span> <span class='ocrx_word' id='word_1_29' title='bbox 1209 810 1315 899; x_wconf 80' lang='lat' dir='ltr'><strong>gentes</strong></span> <span class='ocrx_word' id='word_1_30' title='bbox 1338 820 1403 880; x_wconf 88' lang='lat' dir='ltr'><strong>Gal-</strong></span> 
     </span>
     <span class='ocr_line' id='line_1_5' title="bbox 289 921 1404 1004; baseline -0.001 -21"><span class='ocrx_word' id='word_1_31' title='bbox 289 924 362 985; x_wconf 87' lang='lat' dir='ltr'><strong>licas</strong></span> <span class='ocrx_word' id='word_1_32' title='bbox 384 924 473 1002; x_wconf 89' lang='lat' dir='ltr'><strong>longe</strong></span> <span class='ocrx_word' id='word_1_33' title='bbox 496 931 557 986; x_wconf 88' lang='lat' dir='ltr'><strong>turn</strong></span> <span class='ocrx_word' id='word_1_34' title='bbox 581 923 794 985; x_wconf 87' lang='lat' dir='ltr'><strong>celeberrimos</strong></span> <span class='ocrx_word' id='word_1_35' title='bbox 816 924 917 992; x_wconf 87' lang='lat' dir='ltr'><strong>luisse,</strong></span> <span class='ocrx_word' id='word_1_36' title='bbox 940 924 1009 984; x_wconf 91' lang='lat' dir='ltr'><strong>inde</strong></span> <span class='ocrx_word' id='word_1_37' title='bbox 1032 942 1149 1004; x_wconf 86' lang='lat' dir='ltr'><strong>quoque</strong></span> <span class='ocrx_word' id='word_1_38' title='bbox 1171 931 1304 1002; x_wconf 83' lang='lat' dir='ltr'><strong>apparet,</strong></span> <span class='ocrx_word' id='word_1_39' title='bbox 1327 921 1404 1002; x_wconf 86' lang='lat' dir='ltr'><strong>quod</strong></span> 
     </span>
     <span class='ocr_line' id='line_1_6' title="bbox 290 1024 1404 1106; baseline -0.001 -21"><span class='ocrx_word' id='word_1_40' title='bbox 290 1028 378 1086; x_wconf 88' lang='lat' dir='ltr'><strong>etiam</strong></span> <span class='ocrx_word' id='word_1_41' title='bbox 401 1025 478 1106; x_wconf 91' lang='lat' dir='ltr'><strong>apud</strong></span> <span class='ocrx_word' id='word_1_42' title='bbox 502 1025 714 1106; x_wconf 90' lang='lat' dir='ltr'><strong>Apollodorum</strong></span> <span class='ocrx_word' id='word_1_43' title='bbox 736 1025 962 1095; x_wconf 73' lang='lat' dir='ltr'><strong>Atheniensem,</strong></span> <span class='ocrx_word' id='word_1_44' title='bbox 991 1027 1042 1106; x_wconf 91' lang='lat' dir='ltr'><strong>qui</strong></span> <span class='ocrx_word' id='word_1_45' title='bbox 1063 1027 1121 1087; x_wconf 90' lang='lat' dir='ltr'><strong>iam</strong></span> <span class='ocrx_word' id='word_1_46' title='bbox 1138 1024 1289 1086; x_wconf 80' lang='lat' dir='ltr'><strong>Romanae</strong></span> <span class='ocrx_word' id='word_1_47' title='bbox 1311 1025 1404 1084; x_wconf 90' lang='lat' dir='ltr'><strong>domi·</strong></span> 
     </span>
     <span class='ocr_line' id='line_1_7' title="bbox 289 1126 1403 1205; baseline -0.002 -17"><span class='ocrx_word' id='word_1_48' title='bbox 289 1129 416 1188; x_wconf 89' lang='lat' dir='ltr'><strong>nationis</strong></span> <span class='ocrx_word' id='word_1_49' title='bbox 438 1129 521 1188; x_wconf 92' lang='lat' dir='ltr'><strong>initia</strong></span> <span class='ocrx_word' id='word_1_50' title='bbox 544 1127 630 1196; x_wconf 91' lang='lat' dir='ltr'><strong>vidit,</strong></span> <span class='ocrx_word' id='word_1_51' title='bbox 659 1127 834 1205; x_wconf 75' lang='lat' dir='ltr'><strong>Allobroges</strong></span> <span class='ocrx_word' id='word_1_52' title='bbox 863 1127 942 1188; x_wconf 91' lang='lat' dir='ltr'><strong>solos</strong></span> <span class='ocrx_word' id='word_1_53' title='bbox 964 1129 1114 1188; x_wconf 87' lang='lat' dir='ltr'><strong>invenisse</strong></span> <span class='ocrx_word' id='word_1_54' title='bbox 1140 1127 1255 1187; x_wconf 89' lang='lat' dir='ltr'><strong>videtur</strong></span> <span class='ocrx_word' id='word_1_55' title='bbox 1279 1126 1403 1204; x_wconf 89' lang='lat' dir='ltr'><strong>Stepha-</strong></span> 
     </span>
    </p>
   </div>
   <div class='ocr_carea' id='block_1_3' title="bbox 197 1226 1406 1308">
    <p class='ocr_par' dir='ltr' id='par_1_3' title="bbox 197 1226 1406 1308">
     <span class='ocr_line' id='line_1_8' title="bbox 197 1226 1406 1308; baseline -0.001 -19"><span class='ocrx_word' id='word_1_56' title='bbox 197 1237 203 1248; x_wconf 82' lang='lat'>&#39;</span> <span class='ocrx_word' id='word_1_57' title='bbox 289 1226 401 1306; x_wconf 78' lang='lat' dir='ltr'><strong>nus.⁸⁴)</strong></span> <span class='ocrx_word' id='word_1_58' title='bbox 447 1231 554 1290; x_wconf 83' lang='lat' dir='ltr'><strong>Contra</strong></span> <span class='ocrx_word' id='word_1_59' title='bbox 577 1229 654 1308; x_wconf 92' lang='lat' dir='ltr'><strong>apud</strong></span> <span class='ocrx_word' id='word_1_60' title='bbox 677 1229 804 1290; x_wconf 89' lang='lat' dir='ltr'><strong>eundern</strong></span> <span class='ocrx_word' id='word_1_61' title='bbox 819 1228 1032 1308; x_wconf 90' lang='lat' dir='ltr'><strong>Apollodorum</strong></span> <span class='ocrx_word' id='word_1_62' title='bbox 1054 1230 1158 1308; x_wconf 79' lang='lat' dir='ltr'><strong>incipit</strong></span> <span class='ocrx_word' id='word_1_63' title='bbox 1178 1229 1406 1290; x_wconf 88' lang='lat' dir='ltr'><strong>commemorari</strong></span> 
     </span>
    </p>
   </div>
   <div class='ocr_carea' id='block_1_4' title="bbox 287 1329 1409 3430">
    <p class='ocr_par' dir='ltr' id='par_1_4' title="bbox 287 1329 1409 3430">
     <span class='ocr_line' id='line_1_9' title="bbox 289 1329 1406 1410; baseline 0 -20"><span class='ocrx_word' id='word_1_64' title='bbox 289 1332 375 1391; x_wconf 79' lang='lat' dir='ltr'><strong>Aeria</strong></span> <span class='ocrx_word' id='word_1_65' title='bbox 405 1329 491 1399; x_wconf 92' lang='lat' dir='ltr'><strong>urbs,</strong></span> <span class='ocrx_word' id='word_1_66' title='bbox 521 1349 609 1410; x_wconf 93' lang='lat' dir='ltr'><strong>quam</strong></span> <span class='ocrx_word' id='word_1_67' title='bbox 637 1349 705 1392; x_wconf 86' lang='lat' dir='ltr'><strong>curn</strong></span> <span class='ocrx_word' id='word_1_68' title='bbox 734 1329 842 1391; x_wconf 90' lang='lat' dir='ltr'><strong>Strabo</strong></span> <span class='ocrx_word' id='word_1_69' title='bbox 871 1330 1001 1410; x_wconf 91' lang='lat' dir='ltr'><strong>appellet</strong></span> <span class='ocrx_word' id='word_1_70' title='bbox 1034 1330 1139 1390; x_wconf 90' lang='lat' dir='ltr'><strong>urbem</strong></span> <span class='ocrx_word' id='word_1_71' title='bbox 1168 1332 1327 1398; x_wconf 76' lang='lat' dir='ltr'><strong>Generum,</strong></span> <span class='ocrx_word' id='word_1_72' title='bbox 1357 1331 1406 1409; x_wconf 90' lang='lat' dir='ltr'><strong>qui</strong></span> 
     </span>
     <span class='ocr_line' id='line_1_10' title="bbox 287 1430 1405 1501; baseline 0 -10"><span class='ocrx_word' id='word_1_73' title='bbox 287 1434 367 1492; x_wconf 87' lang='lat' dir='ltr'><strong>inter</strong></span> <span class='ocrx_word' id='word_1_74' title='bbox 389 1433 560 1493; x_wconf 77' lang='lat' dir='ltr'><strong>Druentiam</strong></span> <span class='ocrx_word' id='word_1_75' title='bbox 584 1438 613 1490; x_wconf 90' lang='lat' dir='ltr'><strong>et</strong></span> <span class='ocrx_word' id='word_1_76' title='bbox 634 1432 745 1493; x_wconf 89' lang='lat' dir='ltr'><strong>Isaram</strong></span> <span class='ocrx_word' id='word_1_77' title='bbox 769 1431 977 1501; x_wconf 83' lang='lat' dir='ltr'><strong>considebant,</strong></span> <span class='ocrx_word' id='word_1_78' title='bbox 1006 1433 1212 1494; x_wconf 88' lang='lat' dir='ltr'><strong>Artemidorus</strong></span> <span class='ocrx_word' id='word_1_79' title='bbox 1240 1439 1339 1493; x_wconf 88' lang='lat' dir='ltr'><strong>autern</strong></span> <span class='ocrx_word' id='word_1_80' title='bbox 1365 1430 1405 1492; x_wconf 95' lang='lat' dir='ltr'><strong>al·</strong></span> 
     </span>
     <span class='ocr_line' id='line_1_11' title="bbox 289 1529 1405 1612; baseline -0.001 -20"><span class='ocrx_word' id='word_1_81' title='bbox 289 1540 349 1594; x_wconf 90' lang='lat' dir='ltr'><strong>tam</strong></span> <span class='ocrx_word' id='word_1_82' title='bbox 372 1533 449 1594; x_wconf 89' lang='lat' dir='ltr'><strong>dieat</strong></span> <span class='ocrx_word' id='word_1_83' title='bbox 472 1541 500 1592; x_wconf 88' lang='lat' dir='ltr'><strong>el</strong></span> <span class='ocrx_word' id='word_1_84' title='bbox 529 1533 590 1592; x_wconf 73' lang='lat' dir='ltr'><strong>aeri</strong></span> <span class='ocrx_word' id='word_1_85' title='bbox 619 1529 840 1611; x_wconf 65' lang='lat' dir='ltr'><strong>exposcenti),</strong></span> <span class='ocrx_word' id='word_1_86' title='bbox 870 1535 920 1612; x_wconf 90' lang='lat' dir='ltr'><strong>qui</strong></span> <span class='ocrx_word' id='word_1_87' title='bbox 947 1535 1078 1611; x_wconf 85' lang='lat' dir='ltr'><strong>regionis</strong></span> <span class='ocrx_word' id='word_1_88' title='bbox 1105 1533 1184 1594; x_wconf 91' lang='lat' dir='ltr'><strong>illius</strong></span> <span class='ocrx_word' id='word_1_89' title='bbox 1212 1536 1298 1612; x_wconf 90' lang='lat' dir='ltr'><strong>gnari</strong></span> <span class='ocrx_word' id='word_1_90' title='bbox 1326 1538 1405 1601; x_wconf 91' lang='lat' dir='ltr'><strong>sunt,</strong></span> 
     </span>
     <span class='ocr_line' id='line_1_12' title="bbox 290 1631 1406 1714; baseline 0.001 -21"><span class='ocrx_word' id='word_1_91' title='bbox 290 1653 398 1698; x_wconf 68' lang='lat' dir='ltr'><strong>omues,</strong></span> <span class='ocrx_word' id='word_1_92' title='bbox 417 1650 510 1712; x_wconf 80' lang='lat' dir='ltr'><strong>prope</strong></span> <span class='ocrx_word' id='word_1_93' title='bbox 533 1631 709 1694; x_wconf 85' lang='lat' dir='ltr'><strong>Rhodanum</strong></span> <span class='ocrx_word' id='word_1_94' title='bbox 732 1633 824 1694; x_wconf 92' lang='lat' dir='ltr'><strong>colles</strong></span> <span class='ocrx_word' id='word_1_95' title='bbox 847 1643 877 1694; x_wconf 94' lang='lat' dir='ltr'><strong>et</strong></span> <span class='ocrx_word' id='word_1_96' title='bbox 898 1635 1041 1714; x_wconf 82' lang='lat' dir='ltr'><strong>quidquid</strong></span> <span class='ocrx_word' id='word_1_97' title='bbox 1063 1637 1207 1696; x_wconf 89' lang='lat' dir='ltr'><strong>montium</strong></span> <span class='ocrx_word' id='word_1_98' title='bbox 1230 1637 1308 1696; x_wconf 92' lang='lat' dir='ltr'><strong>inter</strong></span> <span class='ocrx_word' id='word_1_99' title='bbox 1332 1636 1406 1695; x_wconf 78' lang='lat' dir='ltr'><strong>liru-</strong></span> 
     </span>
     <span class='ocr_line' id='line_1_13' title="bbox 290 1734 1406 1816; baseline 0.002 -20"><span class='ocrx_word' id='word_1_100' title='bbox 290 1737 399 1796; x_wconf 87' lang='lat' dir='ltr'><strong>entiam</strong></span> <span class='ocrx_word' id='word_1_101' title='bbox 428 1742 458 1795; x_wconf 89' lang='lat' dir='ltr'><strong>et</strong></span> <span class='ocrx_word' id='word_1_102' title='bbox 485 1734 594 1795; x_wconf 92' lang='lat' dir='ltr'><strong>lsaram</strong></span> <span class='ocrx_word' id='word_1_103' title='bbox 625 1743 670 1795; x_wconf 91' lang='lat' dir='ltr'><strong>est</strong></span> <span class='ocrx_word' id='word_1_104' title='bbox 697 1737 952 1814; x_wconf 89' lang='lat' dir='ltr'><strong>perquisiverunt,</strong></span> <span class='ocrx_word' id='word_1_105' title='bbox 983 1737 1032 1797; x_wconf 89' lang='lat' dir='ltr'><strong>ubi</strong></span> <span class='ocrx_word' id='word_1_106' title='bbox 1060 1737 1202 1816; x_wconf 90' lang='lat' dir='ltr'><strong>oppidum</strong></span> <span class='ocrx_word' id='word_1_107' title='bbox 1231 1736 1303 1797; x_wconf 90' lang='lat' dir='ltr'><strong>illud</strong></span> <span class='ocrx_word' id='word_1_108' title='bbox 1326 1756 1406 1798; x_wconf 90' lang='lat' dir='ltr'><strong>com·</strong></span> 
     </span>
     <span class='ocr_line' id='line_1_14' title="bbox 290 1835 1407 1916; baseline 0.003 -20"><span class='ocrx_word' id='word_1_109' title='bbox 290 1837 376 1897; x_wconf 88' lang='lat' dir='ltr'><strong>mode</strong></span> <span class='ocrx_word' id='word_1_110' title='bbox 393 1835 588 1906; x_wconf 84' lang='lat' dir='ltr'><strong>collocarent,</strong></span> <span class='ocrx_word' id='word_1_111' title='bbox 605 1835 657 1898; x_wconf 88' lang='lat' dir='ltr'><strong>sed</strong></span> <span class='ocrx_word' id='word_1_112' title='bbox 674 1855 759 1896; x_wconf 88' lang='lat' dir='ltr'><strong>suom</strong></span> <span class='ocrx_word' id='word_1_113' title='bbox 783 1839 907 1916; x_wconf 89' lang='lat' dir='ltr'><strong>quisque</strong></span> <span class='ocrx_word' id='word_1_114' title='bbox 927 1836 1024 1898; x_wconf 91' lang='lat' dir='ltr'><strong>locum</strong></span> <span class='ocrx_word' id='word_1_115' title='bbox 1039 1835 1198 1916; x_wconf 59' lang='lat' dir='ltr'><strong>immitit)</strong></span> <span class='ocrx_word' id='word_1_116' title='bbox 1244 1839 1276 1900; x_wconf 92' lang='lat' dir='ltr'><strong>ld</strong></span> <span class='ocrx_word' id='word_1_117' title='bbox 1291 1845 1407 1900; x_wconf 86' lang='lat' dir='ltr'><strong>tantum</strong></span> 
     </span>
     <span class='ocr_line' id='line_1_15' title="bbox 289 1936 1408 2018; baseline 0.001 -21"><span class='ocrx_word' id='word_1_118' title='bbox 289 1938 404 1998; x_wconf 90' lang='lat' dir='ltr'><strong>videtur</strong></span> <span class='ocrx_word' id='word_1_119' title='bbox 426 1957 515 2017; x_wconf 90' lang='lat' dir='ltr'><strong>posse</strong></span> <span class='ocrx_word' id='word_1_120' title='bbox 544 1936 695 2006; x_wconf 88' lang='lat' dir='ltr'><strong>concludi,</strong></span> <span class='ocrx_word' id='word_1_121' title='bbox 724 1957 818 2016; x_wconf 89' lang='lat' dir='ltr'><strong>prope</strong></span> <span class='ocrx_word' id='word_1_122' title='bbox 843 1937 1015 1998; x_wconf 88' lang='lat' dir='ltr'><strong>Rhodanum</strong></span> <span class='ocrx_word' id='word_1_123' title='bbox 1044 1938 1117 1999; x_wconf 92' lang='lat' dir='ltr'><strong>illud</strong></span> <span class='ocrx_word' id='word_1_124' title='bbox 1146 1940 1288 2018; x_wconf 91' lang='lat' dir='ltr'><strong>oppidum</strong></span> <span class='ocrx_word' id='word_1_125' title='bbox 1319 1941 1408 2000; x_wconf 90' lang='lat' dir='ltr'><strong>situm</strong></span> 
     </span>
     <span class='ocr_line' id='line_1_16' title="bbox 290 2038 1407 2121; baseline 0.003 -22"><span class='ocrx_word' id='word_1_126' title='bbox 290 2059 370 2110; x_wconf 90' lang='lat' dir='ltr'><strong>esse,</strong></span> <span class='ocrx_word' id='word_1_127' title='bbox 395 2041 462 2120; x_wconf 83' lang='lat' dir='ltr'><strong>quia</strong></span> <span class='ocrx_word' id='word_1_128' title='bbox 486 2039 600 2099; x_wconf 81' lang='lat' dir='ltr'><strong>facilius</strong></span> <span class='ocrx_word' id='word_1_129' title='bbox 623 2038 691 2099; x_wconf 90' lang='lat' dir='ltr'><strong>inde</strong></span> <span class='ocrx_word' id='word_1_130' title='bbox 715 2039 923 2118; x_wconf 85' lang='lat' dir='ltr'><strong>explicaveris,</strong></span> <span class='ocrx_word' id='word_1_131' title='bbox 954 2058 1007 2100; x_wconf 89' lang='lat' dir='ltr'><strong>cor</strong></span> <span class='ocrx_word' id='word_1_132' title='bbox 1033 2059 1069 2100; x_wconf 84' lang='lat' dir='ltr'><strong>ex</strong></span> <span class='ocrx_word' id='word_1_133' title='bbox 1092 2041 1209 2121; x_wconf 90' lang='lat' dir='ltr'><strong>oppidis</strong></span> <span class='ocrx_word' id='word_1_134' title='bbox 1231 2041 1407 2102; x_wconf 90' lang='lat' dir='ltr'><strong>mediterra-</strong></span> 
     </span>
     <span class='ocr_line' id='line_1_17' title="bbox 289 2139 1408 2203; baseline -0.001 -2"><span class='ocrx_word' id='word_1_135' title='bbox 289 2142 353 2201; x_wconf 91' lang='lat' dir='ltr'><strong>neis</strong></span> <span class='ocrx_word' id='word_1_136' title='bbox 368 2140 464 2202; x_wconf 91' lang='lat' dir='ltr'><strong>solum</strong></span> <span class='ocrx_word' id='word_1_137' title='bbox 481 2139 537 2200; x_wconf 92' lang='lat' dir='ltr'><strong>hoc</strong></span> <span class='ocrx_word' id='word_1_138' title='bbox 559 2140 646 2200; x_wconf 88' lang='lat' dir='ltr'><strong>latius</strong></span> <span class='ocrx_word' id='word_1_139' title='bbox 668 2140 849 2200; x_wconf 89' lang='lat' dir='ltr'><strong>inclaruerit.</strong></span> <span class='ocrx_word' id='word_1_140' title='bbox 877 2173 911 2184; x_wconf 91' lang='lat'><em>-</em></span> <span class='ocrx_word' id='word_1_141' title='bbox 937 2140 997 2201; x_wconf 91' lang='lat' dir='ltr'><strong>lam</strong></span> <span class='ocrx_word' id='word_1_142' title='bbox 1022 2160 1093 2202; x_wconf 89' lang='lat' dir='ltr'><strong>vero</strong></span> <span class='ocrx_word' id='word_1_143' title='bbox 1116 2144 1142 2202; x_wconf 93' lang='lat' dir='ltr'><strong>si</strong></span> <span class='ocrx_word' id='word_1_144' title='bbox 1162 2142 1356 2203; x_wconf 88' lang='lat' dir='ltr'><strong>descenderis</strong></span> <span class='ocrx_word' id='word_1_145' title='bbox 1372 2142 1408 2200; x_wconf 91' lang='lat' dir='ltr'><strong>de</strong></span> 
     </span>
     <span class='ocr_line' id='line_1_18' title="bbox 289 2240 1409 2323; baseline -0.002 -19"><span class='ocrx_word' id='word_1_146' title='bbox 289 2242 439 2304; x_wconf 91' lang='lat' dir='ltr'><strong>montibus</strong></span> <span class='ocrx_word' id='word_1_147' title='bbox 462 2240 631 2318; x_wconf 82' lang='lat' dir='ltr'><strong>Subalpinis</strong></span> <span class='ocrx_word' id='word_1_148' title='bbox 654 2240 808 2301; x_wconf 89' lang='lat' dir='ltr'><strong>meridiem</strong></span> <span class='ocrx_word' id='word_1_149' title='bbox 833 2241 1077 2319; x_wconf 88' lang='lat' dir='ltr'><strong>occidentemque</strong></span> <span class='ocrx_word' id='word_1_150' title='bbox 1100 2261 1219 2313; x_wconf 90' lang='lat' dir='ltr'><strong>versus,</strong></span> <span class='ocrx_word' id='word_1_151' title='bbox 1250 2245 1409 2323; x_wconf 88' lang='lat' dir='ltr'><strong>pervenies</strong></span> 
     </span>
     <span class='ocr_line' id='line_1_19' title="bbox 287 2341 1407 2423; baseline 0 -20"><span class='ocrx_word' id='word_1_152' title='bbox 287 2346 319 2404; x_wconf 91' lang='lat' dir='ltr'><strong>in</strong></span> <span class='ocrx_word' id='word_1_153' title='bbox 341 2343 444 2423; x_wconf 90' lang='lat' dir='ltr'><strong>plana,</strong></span> <span class='ocrx_word' id='word_1_154' title='bbox 468 2360 544 2421; x_wconf 88' lang='lat' dir='ltr'><strong>qnae</strong></span> <span class='ocrx_word' id='word_1_155' title='bbox 566 2341 742 2402; x_wconf 89' lang='lat' dir='ltr'><strong>Rhodanum</strong></span> <span class='ocrx_word' id='word_1_156' title='bbox 764 2343 937 2402; x_wconf 82' lang='lat' dir='ltr'><strong>inferiorem</strong></span> <span class='ocrx_word' id='word_1_157' title='bbox 961 2342 998 2404; x_wconf 87' lang='lat' dir='ltr'><strong>ab</strong></span> <span class='ocrx_word' id='word_1_158' title='bbox 1022 2351 1146 2423; x_wconf 88' lang='lat' dir='ltr'><strong>utraque</strong></span> <span class='ocrx_word' id='word_1_159' title='bbox 1170 2351 1255 2422; x_wconf 89' lang='lat' dir='ltr'><strong>parte</strong></span> <span class='ocrx_word' id='word_1_160' title='bbox 1278 2345 1407 2404; x_wconf 86' lang='lat' dir='ltr'><strong>circum·</strong></span> 
     </span>
     <span class='ocr_line' id='line_1_20' title="bbox 289 2435 1409 2523; baseline 0 -18"><span class='ocrx_word' id='word_1_161' title='bbox 289 2445 367 2514; x_wconf 91' lang='lat' dir='ltr'><strong>dant,</strong></span> <span class='ocrx_word' id='word_1_162' title='bbox 392 2445 506 2503; x_wconf 88' lang='lat' dir='ltr'><strong>sivein</strong></span> <span class='ocrx_word' id='word_1_163' title='bbox 529 2444 683 2519; x_wconf 87' lang='lat' dir='ltr'><strong>regionem</strong></span> <span class='ocrx_word' id='word_1_164' title='bbox 707 2435 872 2502; x_wconf 86' lang='lat' dir='ltr'><strong>Volcarum.</strong></span> <span class='ocrx_word' id='word_1_165' title='bbox 918 2445 955 2503; x_wconf 90' lang='lat' dir='ltr'><strong>At</strong></span> <span class='ocrx_word' id='word_1_166' title='bbox 983 2463 1079 2523; x_wconf 89' lang='lat' dir='ltr'><strong>neque</strong></span> <span class='ocrx_word' id='word_1_167' title='bbox 1102 2445 1258 2506; x_wconf 90' lang='lat' dir='ltr'><strong>Volcarum</strong></span> <span class='ocrx_word' id='word_1_168' title='bbox 1281 2447 1409 2507; x_wconf 90' lang='lat' dir='ltr'><strong>induas</strong></span> 
     </span>
     <span class='ocr_line' id='line_1_21' title="bbox 288 2544 1407 2625; baseline 0.003 -19"><span class='ocrx_word' id='word_1_169' title='bbox 288 2552 398 2624; x_wconf 87' lang='lat' dir='ltr'><strong>partes,</strong></span> <span class='ocrx_word' id='word_1_170' title='bbox 421 2545 611 2604; x_wconf 88' lang='lat' dir='ltr'><strong>Arecomicos</strong></span> <span class='ocrx_word' id='word_1_171' title='bbox 634 2551 664 2603; x_wconf 90' lang='lat' dir='ltr'><strong>et</strong></span> <span class='ocrx_word' id='word_1_172' title='bbox 685 2544 872 2620; x_wconf 87' lang='lat' dir='ltr'><strong>Tectosages,</strong></span> <span class='ocrx_word' id='word_1_173' title='bbox 897 2545 999 2605; x_wconf 91' lang='lat' dir='ltr'><strong>divisio</strong></span> <span class='ocrx_word' id='word_1_174' title='bbox 1022 2563 1119 2625; x_wconf 88' lang='lat' dir='ltr'><strong>neque</strong></span> <span class='ocrx_word' id='word_1_175' title='bbox 1142 2546 1220 2607; x_wconf 90' lang='lat' dir='ltr'><strong>aliud</strong></span> <span class='ocrx_word' id='word_1_176' title='bbox 1243 2548 1338 2609; x_wconf 89' lang='lat' dir='ltr'><strong>ullum</strong></span> <span class='ocrx_word' id='word_1_177' title='bbox 1354 2567 1407 2608; x_wconf 93' lang='lat' dir='ltr'><strong>no·</strong></span> 
     </span>
     <span class='ocr_line' id='line_1_22' title="bbox 288 2642 1409 2724; baseline 0.002 -16"><span class='ocrx_word' id='word_1_178' title='bbox 288 2665 357 2708; x_wconf 92' lang='lat' dir='ltr'><strong>men</strong></span> <span class='ocrx_word' id='word_1_179' title='bbox 380 2647 477 2724; x_wconf 89' lang='lat' dir='ltr'><strong>gentis</strong></span> <span class='ocrx_word' id='word_1_180' title='bbox 493 2642 620 2704; x_wconf 80' lang='lat' dir='ltr'><strong>Celticae</strong></span> <span class='ocrx_word' id='word_1_181' title='bbox 645 2652 726 2705; x_wconf 90' lang='lat' dir='ltr'><strong>trans</strong></span> <span class='ocrx_word' id='word_1_182' title='bbox 742 2643 917 2705; x_wconf 88' lang='lat' dir='ltr'><strong>Rhodanum</strong></span> <span class='ocrx_word' id='word_1_183' title='bbox 942 2645 1100 2706; x_wconf 89' lang='lat' dir='ltr'><strong>habitantis</strong></span> <span class='ocrx_word' id='word_1_184' title='bbox 1118 2654 1187 2707; x_wconf 90' lang='lat' dir='ltr'><strong>ante</strong></span> <span class='ocrx_word' id='word_1_185' title='bbox 1202 2648 1409 2710; x_wconf 89' lang='lat' dir='ltr'><strong>Romanorum</strong></span> 
     </span>
     <span class='ocr_line' id='line_1_23' title="bbox 287 2745 1407 2828; baseline 0.001 -21"><span class='ocrx_word' id='word_1_186' title='bbox 287 2749 447 2826; x_wconf 88' lang='lat' dir='ltr'><strong>imperium</strong></span> <span class='ocrx_word' id='word_1_187' title='bbox 470 2745 556 2806; x_wconf 92' lang='lat' dir='ltr'><strong>nobis</strong></span> <span class='ocrx_word' id='word_1_188' title='bbox 577 2745 714 2806; x_wconf 84' lang='lat' dir='ltr'><strong>traditur.</strong></span> <span class='ocrx_word' id='word_1_189' title='bbox 760 2746 833 2806; x_wconf 89' lang='lat' dir='ltr'><strong>Nam</strong></span> <span class='ocrx_word' id='word_1_190' title='bbox 856 2746 954 2808; x_wconf 84' lang='lat' dir='ltr'><strong>Linus</strong></span> <span class='ocrx_word' id='word_1_191' title='bbox 976 2747 1013 2806; x_wconf 88' lang='lat' dir='ltr'><strong>de</strong></span> <span class='ocrx_word' id='word_1_192' title='bbox 1028 2748 1198 2808; x_wconf 87' lang='lat' dir='ltr'><strong>Ruscinone</strong></span> <span class='ocrx_word' id='word_1_193' title='bbox 1219 2749 1340 2828; x_wconf 86' lang='lat' dir='ltr'><strong>quidem</strong></span> <span class='ocrx_word' id='word_1_194' title='bbox 1365 2750 1407 2808; x_wconf 91' lang='lat' dir='ltr'><strong>di·</strong></span> 
     </span>
     <span class='ocr_line' id='line_1_24' title="bbox 288 2846 1407 2926; baseline 0.001 -17"><span class='ocrx_word' id='word_1_195' title='bbox 288 2850 328 2909; x_wconf 91' lang='lat' dir='ltr'><strong>cit</strong></span> <span class='ocrx_word' id='word_1_196' title='bbox 350 2854 381 2908; x_wconf 92' lang='lat' dir='ltr'><strong>et</strong></span> <span class='ocrx_word' id='word_1_197' title='bbox 402 2846 522 2915; x_wconf 90' lang='lat' dir='ltr'><strong>llliberi,</strong></span> <span class='ocrx_word' id='word_1_198' title='bbox 547 2847 617 2906; x_wconf 92' lang='lat' dir='ltr'><strong>dicit</strong></span> <span class='ocrx_word' id='word_1_199' title='bbox 641 2848 728 2906; x_wconf 92' lang='lat' dir='ltr'><strong>etiam</strong></span> <span class='ocrx_word' id='word_1_200' title='bbox 748 2846 785 2906; x_wconf 90' lang='lat' dir='ltr'><strong>de</strong></span> <span class='ocrx_word' id='word_1_201' title='bbox 801 2846 1005 2926; x_wconf 85' lang='lat' dir='ltr'><strong>compluribus</strong></span> <span class='ocrx_word' id='word_1_202' title='bbox 1025 2848 1138 2926; x_wconf 91' lang='lat' dir='ltr'><strong>regulis</strong></span> <span class='ocrx_word' id='word_1_203' title='bbox 1158 2848 1312 2910; x_wconf 87' lang='lat' dir='ltr'><strong>Gallorum</strong></span> <span class='ocrx_word' id='word_1_204' title='bbox 1329 2852 1407 2912; x_wconf 89' lang='lat' dir='ltr'><strong>circa</strong></span> 
     </span>
     <span class='ocr_line' id='line_1_25' title="bbox 288 2946 1409 3029; baseline 0.002 -19"><span class='ocrx_word' id='word_1_205' title='bbox 288 2949 403 3011; x_wconf 84' lang='lat' dir='ltr'><strong>radices</strong></span> <span class='ocrx_word' id='word_1_206' title='bbox 430 2949 575 3028; x_wconf 80' lang='lat' dir='ltr'><strong>Pyrenaei</strong></span> <span class='ocrx_word' id='word_1_207' title='bbox 604 2946 814 3017; x_wconf 88' lang='lat' dir='ltr'><strong>habitantium,</strong></span> <span class='ocrx_word' id='word_1_208' title='bbox 851 2950 982 3025; x_wconf 90' lang='lat' dir='ltr'><strong>gentium</strong></span> <span class='ocrx_word' id='word_1_209' title='bbox 1011 2955 1110 3009; x_wconf 90' lang='lat' dir='ltr'><strong>tamen</strong></span> <span class='ocrx_word' id='word_1_210' title='bbox 1138 2951 1258 3009; x_wconf 90' lang='lat' dir='ltr'><strong>nomina</strong></span> <span class='ocrx_word' id='word_1_211' title='bbox 1288 2961 1409 3029; x_wconf 89' lang='lat' dir='ltr'><strong>praeter</strong></span> 
     </span>
     <span class='ocr_line' id='line_1_26' title="bbox 288 3049 1408 3130; baseline 0.004 -21"><span class='ocrx_word' id='word_1_212' title='bbox 288 3051 392 3111; x_wconf 90' lang='lat' dir='ltr'><strong>Volcas</strong></span> <span class='ocrx_word' id='word_1_213' title='bbox 415 3049 494 3110; x_wconf 92' lang='lat' dir='ltr'><strong>nulla</strong></span> <span class='ocrx_word' id='word_1_214' title='bbox 517 3049 620 3118; x_wconf 91' lang='lat' dir='ltr'><strong>habet;</strong></span> <span class='ocrx_word' id='word_1_215' title='bbox 644 3049 784 3129; x_wconf 80' lang='lat' dir='ltr'><strong>Polybius</strong></span> <span class='ocrx_word' id='word_1_216' title='bbox 806 3056 903 3110; x_wconf 88' lang='lat' dir='ltr'><strong>autern</strong></span> <span class='ocrx_word' id='word_1_217' title='bbox 927 3050 1128 3110; x_wconf 89' lang='lat' dir='ltr'><strong>Ruscinonem</strong></span> <span class='ocrx_word' id='word_1_218' title='bbox 1151 3050 1272 3130; x_wconf 88' lang='lat' dir='ltr'><strong>quidem</strong></span> <span class='ocrx_word' id='word_1_219' title='bbox 1296 3059 1327 3110; x_wconf 87' lang='lat' dir='ltr'><strong>et</strong></span> <span class='ocrx_word' id='word_1_220' title='bbox 1349 3053 1408 3113; x_wconf 91' lang='lat' dir='ltr'><strong>llli-</strong></span> 
     </span>
     <span class='ocr_line' id='line_1_27' title="bbox 287 3149 1408 3228; baseline 0 -16"><span class='ocrx_word' id='word_1_221' title='bbox 287 3153 383 3212; x_wconf 92' lang='lat' dir='ltr'><strong>berim</strong></span> <span class='ocrx_word' id='word_1_222' title='bbox 407 3158 437 3210; x_wconf 87' lang='lat' dir='ltr'><strong>et</strong></span> <span class='ocrx_word' id='word_1_223' title='bbox 458 3152 522 3228; x_wconf 90' lang='lat' dir='ltr'><strong>ipse</strong></span> <span class='ocrx_word' id='word_1_224' title='bbox 544 3153 639 3220; x_wconf 87' lang='lat' dir='ltr'><strong>novit,</strong></span> <span class='ocrx_word' id='word_1_225' title='bbox 664 3150 716 3210; x_wconf 90' lang='lat' dir='ltr'><strong>sed</strong></span> <span class='ocrx_word' id='word_1_226' title='bbox 740 3150 791 3211; x_wconf 90' lang='lat' dir='ltr'><strong>ubi</strong></span> <span class='ocrx_word' id='word_1_227' title='bbox 812 3149 986 3210; x_wconf 89' lang='lat' dir='ltr'><strong>Hannibalis</strong></span> <span class='ocrx_word' id='word_1_228' title='bbox 1009 3150 1230 3228; x_wconf 85' lang='lat' dir='ltr'><strong>expeditionem</strong></span> <span class='ocrx_word' id='word_1_229' title='bbox 1252 3152 1408 3223; x_wconf 87' lang='lat' dir='ltr'><strong>describit,</strong></span> 
     </span>
     <span class='ocr_line' id='line_1_28' title="bbox 287 3249 1408 3330; baseline 0.002 -18"><span class='ocrx_word' id='word_1_230' title='bbox 287 3272 325 3312; x_wconf 91' lang='lat' dir='ltr'><strong>ne</strong></span> <span class='ocrx_word' id='word_1_231' title='bbox 348 3251 452 3310; x_wconf 91' lang='lat' dir='ltr'><strong>Voleas</strong></span> <span class='ocrx_word' id='word_1_232' title='bbox 475 3251 595 3330; x_wconf 89' lang='lat' dir='ltr'><strong>quidem</strong></span> <span class='ocrx_word' id='word_1_233' title='bbox 620 3252 751 3311; x_wconf 90' lang='lat' dir='ltr'><strong>nominat</strong></span> <span class='ocrx_word' id='word_1_234' title='bbox 779 3252 849 3310; x_wconf 90' lang='lat' dir='ltr'><strong>satis</strong></span> <span class='ocrx_word' id='word_1_235' title='bbox 878 3249 990 3310; x_wconf 91' lang='lat' dir='ltr'><strong>babens</strong></span> <span class='ocrx_word' id='word_1_236' title='bbox 1020 3253 1150 3320; x_wconf 81' lang='lat' dir='ltr'><strong>reterre,</strong></span> <span class='ocrx_word' id='word_1_237' title='bbox 1182 3271 1287 3313; x_wconf 92' lang='lat' dir='ltr'><strong>eorum</strong></span> <span class='ocrx_word' id='word_1_238' title='bbox 1312 3253 1408 3314; x_wconf 86' lang='lat' dir='ltr'><strong>Celta-</strong></span> 
     </span>
     <span class='ocr_line' id='line_1_29' title="bbox 287 3350 1409 3430; baseline 0.002 -17"><span class='ocrx_word' id='word_1_239' title='bbox 287 3371 364 3421; x_wconf 90' lang='lat' dir='ltr'><strong>rum,</strong></span> <span class='ocrx_word' id='word_1_240' title='bbox 389 3353 441 3430; x_wconf 84' lang='lat' dir='ltr'><strong>qui</strong></span> <span class='ocrx_word' id='word_1_241' title='bbox 462 3353 539 3410; x_wconf 89' lang='lat' dir='ltr'><strong>inter</strong></span> <span class='ocrx_word' id='word_1_242' title='bbox 562 3351 729 3430; x_wconf 85' lang='lat' dir='ltr'><strong>Pyrenaeos</strong></span> <span class='ocrx_word' id='word_1_243' title='bbox 757 3359 786 3411; x_wconf 89' lang='lat' dir='ltr'><strong>et</strong></span> <span class='ocrx_word' id='word_1_244' title='bbox 807 3350 981 3411; x_wconf 89' lang='lat' dir='ltr'><strong>Rhodanum</strong></span> <span class='ocrx_word' id='word_1_245' title='bbox 1005 3350 1179 3421; x_wconf 88' lang='lat' dir='ltr'><strong>habitarint,</strong></span> <span class='ocrx_word' id='word_1_246' title='bbox 1210 3354 1409 3415; x_wconf 91' lang='lat' dir='ltr'><strong>Hannibalern</strong></span> 
     </span>
    </p>
   </div>
   <div class='ocr_carea' id='block_1_5' title="bbox 285 3615 1412 4279">
    <p class='ocr_par' dir='ltr' id='par_1_5' title="bbox 356 3615 984 3685">
     <span class='ocr_line' id='line_1_30' title="bbox 356 3615 984 3685; baseline -0.002 -14"><span class='ocrx_word' id='word_1_247' title='bbox 356 3620 402 3685; x_wconf 83' lang='lat'><strong>83)</strong></span> <span class='ocrx_word' id='word_1_248' title='bbox 421 3620 478 3670; x_wconf 81' lang='lat' dir='ltr'><strong>cfr.</strong></span> <span class='ocrx_word' id='word_1_249' title='bbox 497 3619 604 3670; x_wconf 82' lang='lat' dir='ltr'><strong>Uckert</strong></span> <span class='ocrx_word' id='word_1_250' title='bbox 621 3623 649 3683; x_wconf 80' lang='lat'><strong>2,</strong></span> <span class='ocrx_word' id='word_1_251' title='bbox 669 3623 698 3682; x_wconf 71' lang='grc' dir='ltr'><strong>ἱ),</strong></span> <span class='ocrx_word' id='word_1_252' title='bbox 718 3623 767 3670; x_wconf 85' lang='grc'><strong>590</strong></span> <span class='ocrx_word' id='word_1_253' title='bbox 785 3635 826 3684; x_wconf 89' lang='lat' dir='ltr'><strong>sq.</strong></span> <span class='ocrx_word' id='word_1_254' title='bbox 969 3615 984 3644; x_wconf 81' lang='lat'>⁴</span> 
     </span>
    </p>

    <p class='ocr_par' dir='ltr' id='par_1_6' title="bbox 287 3694 1411 3854">
     <span class='ocr_line' id='line_1_31' title="bbox 355 3694 1411 3770; baseline 0.006 -15"><span class='ocrx_word' id='word_1_255' title='bbox 355 3705 398 3768; x_wconf 82' lang='grc'><strong>84)</strong></span> <span class='ocrx_word' id='word_1_256' title='bbox 419 3705 528 3769; x_wconf 87' lang='lat' dir='ltr'><strong>Steph.:</strong></span> <span class='ocrx_word' id='word_1_257' title='bbox 543 3694 728 3768; x_wconf 79' lang='grc' dir='ltr'><strong><em>Ἀλλόβρνγες,</em></strong></span> <span class='ocrx_word' id='word_1_258' title='bbox 749 3699 836 3764; x_wconf 78' lang='grc' dir='ltr'><strong><em>ἔθνος</em></strong></span> <span class='ocrx_word' id='word_1_259' title='bbox 854 3698 1054 3756; x_wconf 76' lang='grc' dir='ltr'><strong><em>δυνατώτατον</em></strong></span> <span class='ocrx_word' id='word_1_260' title='bbox 1073 3697 1243 3770; x_wconf 84' lang='grc' dir='ltr'><strong><em>Γαλατικόν,</em></strong></span> <span class='ocrx_word' id='word_1_261' title='bbox 1263 3697 1301 3768; x_wconf 74' lang='grc' dir='ltr'><strong>ὡς</strong></span> <span class='ocrx_word' id='word_1_262' title='bbox 1318 3702 1411 3761; x_wconf 83' lang='grc' dir='ltr'><strong><em>Ἀπολ·</em></strong></span> 
     </span>
     <span class='ocr_line' id='line_1_32' title="bbox 287 3782 418 3854; baseline -0.031 -12"><span class='ocrx_word' id='word_1_263' title='bbox 287 3782 418 3854; x_wconf 76' lang='grc' dir='ltr'><strong><em>λόδωρος.</em></strong></span> 
     </span>
    </p>

    <p class='ocr_par' dir='ltr' id='par_1_7' title="bbox 285 3861 1412 4194">
     <span class='ocr_line' id='line_1_33' title="bbox 354 3861 1412 3938; baseline 0.004 -14"><span class='ocrx_word' id='word_1_264' title='bbox 354 3874 403 3936; x_wconf 85' lang='grc'><strong>85)</strong></span> <span class='ocrx_word' id='word_1_265' title='bbox 427 3873 536 3938; x_wconf 71' lang='lat' dir='ltr'><strong>steph:</strong></span> <span class='ocrx_word' id='word_1_266' title='bbox 563 3861 652 3935; x_wconf 72' lang='grc' dir='ltr'><strong><em>Ἀερία</em></strong></span> <span class='ocrx_word' id='word_1_267' title='bbox 674 3898 708 3908; x_wconf 94' lang='lat'>-</span> <span class='ocrx_word' id='word_1_268' title='bbox 732 3867 790 3924; x_wconf 75' lang='grc' dir='ltr'><strong><em>ἔστι</em></strong></span> <span class='ocrx_word' id='word_1_269' title='bbox 813 3869 863 3923; x_wconf 83' lang='grc' dir='ltr'><strong>καλ</strong></span> <span class='ocrx_word' id='word_1_270' title='bbox 886 3863 1006 3936; x_wconf 75' lang='grc' dir='ltr'><strong><em>Κελτική</em></strong></span> <span class='ocrx_word' id='word_1_271' title='bbox 1029 3865 1110 3930; x_wconf 80' lang='grc' dir='ltr'><strong><em>πόλις</em></strong></span> <span class='ocrx_word' id='word_1_272' title='bbox 1132 3865 1235 3938; x_wconf 65' lang='lat' dir='ltr'><strong>Rapta,</strong></span> <span class='ocrx_word' id='word_1_273' title='bbox 1260 3864 1299 3934; x_wconf 76' lang='grc' dir='ltr'><strong>ὦς</strong></span> <span class='ocrx_word' id='word_1_274' title='bbox 1316 3867 1412 3928; x_wconf 84' lang='grc' dir='ltr'><strong><em>Ἀπολ-</em></strong></span> 
     </span>
     <span class='ocr_line' id='line_1_34' title="bbox 285 3949 1411 4026; baseline 0.001 -15"><span class='ocrx_word' id='word_1_275' title='bbox 285 3953 409 4023; x_wconf 84' lang='grc' dir='ltr'><strong><em>λόδωρος</em></strong></span> <span class='ocrx_word' id='word_1_276' title='bbox 433 3950 464 4009; x_wconf 71' lang='grc' dir='ltr'><strong>ἐν</strong></span> <span class='ocrx_word' id='word_1_277' title='bbox 482 3954 629 4021; x_wconf 78' lang='grc' dir='ltr'><strong><em>Χρονικῶν</em></strong></span> <span class='ocrx_word' id='word_1_278' title='bbox 650 3950 781 4021; x_wconf 76' lang='grc' dir='ltr'><strong><em>τετάρτῳ.</em></strong></span> <span class='ocrx_word' id='word_1_279' title='bbox 818 3956 953 4006; x_wconf 82' lang='lat' dir='ltr'><strong>Strab04</strong></span> <span class='ocrx_word' id='word_1_280' title='bbox 975 3971 1001 4018; x_wconf 90' lang='lat' dir='ltr'><strong>p.</strong></span> <span class='ocrx_word' id='word_1_281' title='bbox 1023 3956 1084 4005; x_wconf 81' lang='lat' dir='ltr'><strong>tea:</strong></span> <span class='ocrx_word' id='word_1_282' title='bbox 1110 3953 1164 4007; x_wconf 79' lang='lat' dir='ltr'><strong>eloi</strong></span> <span class='ocrx_word' id='word_1_283' title='bbox 1188 3951 1220 4006; x_wconf 75' lang='lat' dir='ltr'><strong>di</strong></span> <span class='ocrx_word' id='word_1_284' title='bbox 1244 3949 1277 4008; x_wconf 78' lang='grc' dir='ltr'><strong>ἐν</strong></span> <span class='ocrx_word' id='word_1_285' title='bbox 1300 3958 1339 4024; x_wconf 80' lang='grc' dir='ltr'><strong>τῷ</strong></span> <span class='ocrx_word' id='word_1_286' title='bbox 1362 3977 1411 4026; x_wconf 82' lang='grc' dir='ltr'><strong>με·</strong></span> 
     </span>
     <span class='ocr_line' id='line_1_35' title="bbox 286 4029 1412 4110; baseline 0.001 -15"><span class='ocrx_word' id='word_1_287' title='bbox 286 4037 358 4108; x_wconf 66' lang='lat' dir='ltr'><strong>vage</strong></span> <span class='ocrx_word' id='word_1_288' title='bbox 375 4035 471 4100; x_wconf 81' lang='grc' dir='ltr'><strong><em>πόλεις</em></strong></span> <span class='ocrx_word' id='word_1_289' title='bbox 489 4037 538 4092; x_wconf 71' lang='lat' dir='ltr'><strong>cat</strong></span> <span class='ocrx_word' id='word_1_290' title='bbox 551 4032 677 4092; x_wconf 79' lang='grc' dir='ltr'><strong><em>Αὖενιὼν</em></strong></span> <span class='ocrx_word' id='word_1_291' title='bbox 695 4037 744 4092; x_wconf 82' lang='grc' dir='ltr'><strong>καλ</strong></span> <span class='ocrx_word' id='word_1_292' title='bbox 761 4034 911 4105; x_wconf 76' lang='grc' dir='ltr'><strong><em>Ἆρανοίων</em></strong></span> <span class='ocrx_word' id='word_1_293' title='bbox 929 4035 978 4089; x_wconf 79' lang='grc' dir='ltr'><strong>καὶ</strong></span> <span class='ocrx_word' id='word_1_294' title='bbox 993 4029 1096 4102; x_wconf 77' lang='grc' dir='ltr'><strong><em>Ἀερία,</em></strong></span> <span class='ocrx_word' id='word_1_295' title='bbox 1116 4039 1154 4106; x_wconf 81' lang='grc' dir='ltr'><strong>τῷ</strong></span> <span class='ocrx_word' id='word_1_296' title='bbox 1172 4031 1234 4091; x_wconf 82' lang='grc' dir='ltr'><strong><em>ὄντι</em></strong></span> <span class='ocrx_word' id='word_1_297' title='bbox 1248 4041 1341 4108; x_wconf 80' lang='grc' dir='ltr'><strong><em>φησὶν</em></strong></span> <span class='ocrx_word' id='word_1_298' title='bbox 1359 4035 1412 4110; x_wconf 84' lang='grc' dir='ltr'><strong>Ἀρ-</strong></span> 
     </span>
     <span class='ocr_line' id='line_1_36' title="bbox 286 4115 1166 4194; baseline -0.006 -14"><span class='ocrx_word' id='word_1_299' title='bbox 286 4126 442 4194; x_wconf 81' lang='grc' dir='ltr'><strong><em>τεμίδωρος</em></strong></span> <span class='ocrx_word' id='word_1_300' title='bbox 460 4115 545 4189; x_wconf 73' lang='lat' dir='ltr'><strong>cispio</strong></span> <span class='ocrx_word' id='word_1_301' title='bbox 568 4117 618 4176; x_wconf 74' lang='grc' dir='ltr'><strong>διὰ</strong></span> <span class='ocrx_word' id='word_1_302' title='bbox 641 4115 673 4176; x_wconf 86' lang='grc' dir='ltr'><strong>τὸ</strong></span> <span class='ocrx_word' id='word_1_303' title='bbox 697 4115 748 4188; x_wconf 74' lang='grc' dir='ltr'><strong>ἐφ’</strong></span> <span class='ocrx_word' id='word_1_304' title='bbox 765 4115 858 4187; x_wconf 77' lang='grc' dir='ltr'><strong><em>ὕψους</em></strong></span> <span class='ocrx_word' id='word_1_305' title='bbox 878 4117 1015 4186; x_wconf 77' lang='grc' dir='ltr'><strong><em>ἱδρῦσθαι</em></strong></span> <span class='ocrx_word' id='word_1_306' title='bbox 1032 4116 1166 4188; x_wconf 75' lang='grc' dir='ltr'><strong><em>μεγάλου.</em></strong></span> 
     </span>
    </p>

    <p class='ocr_par' dir='ltr' id='par_1_8' title="bbox 354 4206 1411 4279">
     <span class='ocr_line' id='line_1_37' title="bbox 354 4206 1411 4279; baseline -0.002 -17"><span class='ocrx_word' id='word_1_307' title='bbox 354 4213 398 4274; x_wconf 85' lang='grc'><strong>86)</strong></span> <span class='ocrx_word' id='word_1_308' title='bbox 416 4211 465 4272; x_wconf 90' lang='lat' dir='ltr'><strong>lis,</strong></span> <span class='ocrx_word' id='word_1_309' title='bbox 485 4225 552 4279; x_wconf 89' lang='lat' dir='ltr'><strong>quos</strong></span> <span class='ocrx_word' id='word_1_310' title='bbox 572 4211 643 4260; x_wconf 85' lang='lat' dir='ltr'><strong>citat</strong></span> <span class='ocrx_word' id='word_1_311' title='bbox 659 4209 767 4260; x_wconf 84' lang='lat' dir='ltr'><strong>Uckert</strong></span> <span class='ocrx_word' id='word_1_312' title='bbox 783 4211 813 4271; x_wconf 78' lang='lat'><strong>2,</strong></span> <span class='ocrx_word' id='word_1_313' title='bbox 832 4209 862 4270; x_wconf 78' lang='lat'><strong>2,</strong></span> <span class='ocrx_word' id='word_1_314' title='bbox 880 4207 929 4255; x_wconf 79' lang='lat'><strong>442</strong></span> <span class='ocrx_word' id='word_1_315' title='bbox 947 4220 974 4254; x_wconf 90' lang='lat' dir='ltr'><strong>n.</strong></span> <span class='ocrx_word' id='word_1_316' title='bbox 988 4209 1007 4261; x_wconf 78' lang='lat' dir='ltr'><strong>rl</strong></span> <span class='ocrx_word' id='word_1_317' title='bbox 1028 4206 1097 4258; x_wconf 81' lang='lat' dir='ltr'><strong>adde</strong></span> <span class='ocrx_word' id='word_1_318' title='bbox 1114 4207 1278 4275; x_wconf 76' lang='lat' dir='ltr'><strong>Delaeroix,</strong></span> <span class='ocrx_word' id='word_1_319' title='bbox 1298 4212 1411 4265; x_wconf 71' lang='lat' dir='ltr'><strong>Stetist.</strong></span> 
     </span>
    </p>
   </div>
   <div class='ocr_carea' id='block_1_6' title="bbox 286 4288 1412 4459">
    <p class='ocr_par' dir='ltr' id='par_1_9' title="bbox 286 4288 1412 4459">
     <span class='ocr_line' id='line_1_38' title="bbox 287 4288 1412 4360; baseline 0.004 -15"><span class='ocrx_word' id='word_1_320' title='bbox 287 4296 322 4345; x_wconf 91' lang='lat' dir='ltr'><strong>du</strong></span> <span class='ocrx_word' id='word_1_321' title='bbox 341 4295 403 4360; x_wconf 73' lang='lat' dir='ltr'><strong>dep.</strong></span> <span class='ocrx_word' id='word_1_322' title='bbox 422 4296 456 4345; x_wconf 87' lang='lat' dir='ltr'><strong>de</strong></span> <span class='ocrx_word' id='word_1_323' title='bbox 474 4295 503 4344; x_wconf 83' lang='lat' dir='ltr'><strong>le</strong></span> <span class='ocrx_word' id='word_1_324' title='bbox 520 4295 621 4344; x_wconf 84' lang='lat' dir='ltr'><strong>Drbme</strong></span> <span class='ocrx_word' id='word_1_325' title='bbox 641 4312 666 4359; x_wconf 90' lang='lat' dir='ltr'><strong>p.</strong></span> <span class='ocrx_word' id='word_1_326' title='bbox 689 4297 720 4343; x_wconf 84' lang='lat' dir='ltr'><strong>to</strong></span> <span class='ocrx_word' id='word_1_327' title='bbox 737 4308 791 4357; x_wconf 66' lang='lat' dir='ltr'><strong>sq„</strong></span> <span class='ocrx_word' id='word_1_328' title='bbox 810 4291 856 4355; x_wconf 91' lang='lat' dir='ltr'><strong>qui</strong></span> <span class='ocrx_word' id='word_1_329' title='bbox 874 4288 985 4338; x_wconf 83' lang='lat' dir='ltr'><strong>Aeriam</strong></span> <span class='ocrx_word' id='word_1_330' title='bbox 1003 4291 1089 4340; x_wconf 85' lang='lat' dir='ltr'><strong>fuisse</strong></span> <span class='ocrx_word' id='word_1_331' title='bbox 1107 4291 1168 4342; x_wconf 83' lang='lat' dir='ltr'><strong>vult</strong></span> <span class='ocrx_word' id='word_1_332' title='bbox 1186 4308 1272 4360; x_wconf 89' lang='lat' dir='ltr'><strong>prope</strong></span> <span class='ocrx_word' id='word_1_333' title='bbox 1293 4297 1412 4348; x_wconf 77' lang='lat' dir='ltr'><strong>Chdteau</strong></span> 
     </span>
     <span class='ocr_line' id='line_1_39' title="bbox 286 4373 1047 4459; baseline -0.007 -31"><span class='ocrx_word' id='word_1_334' title='bbox 286 4381 351 4442; x_wconf 84' lang='lat' dir='ltr'><strong>neus</strong></span> <span class='ocrx_word' id='word_1_335' title='bbox 363 4383 514 4442; x_wconf 80' lang='lat' dir='ltr'><strong>calcernt&#39;er,</strong></span> <span class='ocrx_word' id='word_1_336' title='bbox 534 4381 606 4428; x_wconf 85' lang='lat' dir='ltr'><strong>inter</strong></span> <span class='ocrx_word' id='word_1_337' title='bbox 622 4378 805 4459; x_wconf 76' lang='lat' dir='ltr'><strong>Arausionem</strong></span> <span class='ocrx_word' id='word_1_338' title='bbox 824 4379 851 4424; x_wconf 90' lang='lat' dir='ltr'><strong>et</strong></span> <span class='ocrx_word' id='word_1_339' title='bbox 869 4373 1047 4424; x_wconf 85' lang='lat' dir='ltr'><strong>Avenionem.</strong></span> 
     </span>
    </p>
   </div>
   <div class='ocr_carea' id='block_1_7' title="bbox 0 0 1596 5162">
    <p class='ocr_par' dir='ltr' id='par_1_10' title="bbox 0 0 1596 5162">
     <span class='ocr_line' id='line_1_40' title="bbox 0 0 1596 5162; baseline 0 0"><span class='ocrx_word' id='word_1_340' title='bbox 0 0 1596 5162; x_wconf 95' lang='lat' dir='ltr'><strong> </strong></span> 
     </span>
    </p>
   </div>
  </div>
 </body>
</html>
