3184 5162
128 1322 596 1439 lietialliaemeridionalis
613 1329 696 1418 ante
711 1324 961 1432 Romanorum
975 1325 1252 1421 dominationem

484 1509 637 1604 historio
666 1513 899 1626 prooemium.
1012 1507 1014 1510 ’

616 1753 767 1762 --—..—..

219 1901 285 1972 Quo
307 1909 442 1980 tempore
464 1887 595 1980 primum
618 1903 819 1965 Romanorum
839 1906 987 1964 exercitus
1008 1905 1098 1984 Alpes
1121 1925 1156 1966 eo
1179 1927 1248 1968 con-

128 2003 197 2064 silio
221 2005 420 2072 transierunt,
445 2012 477 2064 ut
500 2005 577 2082 quod
599 2007 678 2066 inter
700 2006 813 2066 ltaliam
837 2013 866 2064 et
888 2005 1059 2084 Hispaniam
1081 2009 1249 2076 interesset,

90 2115 97 2119 “
128 2123 203 2165 snae
227 2103 347 2165 ditionis
369 2105 510 2176 lacerent,
534 2108 617 2184 regio
639 2106 698 2175 illa,
722 2123 797 2185 qnae
820 2107 855 2166 ab
878 2106 1001 2185 Alpibus
1024 2107 1059 2166 ad
1083 2109 1250 2187 Pyrenaeos

126 2214 261 2274 1111111,
293 2225 309 2266 1
337 2206 488 2267 montibus
517 2207 691 2269 Cebennicis
727 2207 762 2267 ad
791 2225 874 2267 oram
903 2210 1080 2268 maritimam
1109 2211 1249 2286 pertinet,

125 2311 187 2367 iam
211 2303 327 2385 pridem
350 2307 479 2368 desierat
500 2309 595 2370 lamae
619 2328 683 2369 esse
709 2310 868 2386 incognita.
914 2309 985 2370 Erat
1009 2317 1070 2370 tum
1093 2310 1203 2370 divisus
1225 2313 1251 2371 is

126 2420 229 2470 terrae
252 2415 365 2469 tractus
386 2411 465 2470 inter
486 2410 609 2472 colonos
633 2411 762 2470 Graecos
785 2417 872 2490 atque
891 2411 991 2472 Gallos
1014 2413 1074 2471 sive
1098 2411 1194 2473 Celtas
1217 2432 1250 2472 ea

126 2512 256 2580 ratione,
281 2517 314 2570 ut
335 2510 377 2570 illi
394 2511 530 2588 quidem,
555 2515 606 2592 qui
623 2531 678 2591 pro
695 2514 791 2590 capite
810 2511 969 2572 Massiliam
984 2511 1142 2582 habebant,
1167 2533 1250 2573 oram

125 2614 319 2680 maritimam,
345 2612 420 2672 Galli
442 2621 554 2674 terram
576 2615 764 2693 potissimum
787 2615 962 2675 interiorem
987 2621 1138 2682 tenerent3
1162 2621 1251 2692 atque

124 2717 206 2774 sicut
229 2713 372 2793 quidquid
396 2717 565 2776 commercii
587 2733 642 2794 per
664 2713 730 2774 illas
752 2716 891 2792 regiones
913 2714 1018 2784 fiebat,
1043 2733 1135 2793 penes
1158 2716 1249 2777 Grae-

124 2834 180 2877 cos
204 2822 284 2884 erat,
318 2834 445 2894 quorum
473 2835 561 2878 naves
590 2835 645 2895 per
674 2834 778 2877 omnes
800 2818 891 2876 maris
913 2817 1123 2877 mediterranei
1146 2825 1251 2894 portus

125 2915 351 2985 commeabant,
381 2919 420 2977 ita
444 2919 518 2978 Galli
539 2918 645 2996 bellica
671 2919 748 2977 sama
770 2917 974 2979 inclaruerunt
995 2917 1197 2977 invasionibus
1219 2919 1250 2976 in
1330 2903 1335 2910 ’

126 3017 243 3079 ltaliam
266 3017 351 3077 iactis
375 3026 403 3079 et
426 3019 580 3097 stipendiis
601 3021 632 3078 in
656 3025 826 3079 exterorum
856 3037 961 3096 regum
985 3017 1164 3078 exercitibus
1187 3037 1248 3077 me·

125 3122 204 3180 ritis.
250 3121 286 3179 nt
309 3135 406 3196 neque
429 3118 505 3180 Galli
528 3128 613 3180 erant
633 3121 801 3197 indigenae,
826 3137 923 3196 neque
940 3120 1045 3180 Graeci
1067 3121 1155 3198 primi
1170 3137 1249 3178 mer-
1276 3143 1279 3149 ·

125 3229 265 3281 catorum
288 3221 334 3280 vel
357 3220 531 3282 colonorum
546 3222 635 3282 modo
652 3242 734 3283 oram
757 3221 836 3281 illam
853 3221 995 3289 adierant,
1020 3227 1049 3280 et
1072 3237 1250 3298 quamquam

125 3329 308 3401 quoe-ante
338 3320 490 3382 Gallorum
519 3323 761 3404 Graecorumque
790 3322 948 3383 adventurn
976 3324 1006 3382 in
1039 3321 1094 3382 hac
1127 3323 1249 3399 regione

125 3431 211 3501 gesta
235 3431 317 3492 sunt,
342 3421 459 3483 fabulae
481 3425 581 3502 potius
605 3426 780 3485 commentis
804 3441 891 3502 quam
910 3423 1050 3484 historiae
1072 3423 1185 3484 lumine
1207 3426 1248 3481 vi-

126 3525 240 3584 dentur
262 3524 418 3594 illustrata,
441 3531 602 3586 tamenne
626 3527 662 3586 de
684 3525 734 3586 illa
757 3526 875 3603 quidem
895 3527 1056 3586 remotiore
1079 3531 1175 3584 aetate
1198 3524 1249 3582 111Ί

126 3632 215 3694 sunt,
235 3643 310 3704 quae
327 3643 383 3704 pro
402 3629 491 3688 certis
510 3629 626 3706 possint
644 3628 793 3688 affirmari.
839 3626 990 3687 Habuerat
1005 3628 1096 3703 igitur
1114 3627 1171 3686 iam
1196 3644 1249 3684 sua

126 3731 188 3788 lata
212 3726 406 3806 Transalpina
428 3727 502 3788 haec
525 3731 624 3806 regio,
655 3747 721 3788 cnm
746 3736 814 3806 post
842 3729 959 3787 initium
982 3726 1092 3788 saeculi
1115 3726 1151 3787 ab
1175 3726 1249 3787 urbe

126 3826 250 3888 condita
272 3830 391 3906 septimi
406 3829 531 3891 Romani
554 3832 586 3890 in
609 3832 739 3890 animum
762 3830 948 3898 inducerent,
972 3831 1098 3906 imperio
1114 3847 1167 3889 suo
1185 3846 1248 3888 eam

127 3929 264 3998 adicere,
293 3947 391 4012 neque
418 3930 492 3991 adeo
514 3933 665 4008 integrum
688 3931 812 3991 Romani
836 3931 932 3991 solum
959 3929 1032 3989 illud
1059 3933 1247 3996 invenerunt,

127 4039 162 4092 ut
184 4048 246 4090 non
268 4031 344 4091 ratio
365 4033 402 4091 iis
424 4032 559 4092 habenda
582 4038 661 4092 osset
684 4033 747 4091 eius
769 4051 872 4092 rerum
895 4039 997 4100 status
1021 4033 1072 4110 qui
1095 4037 1180 4090 antea
1202 4031 1247 4090 lu·
1303 4015 1304 4019 ¹

127 4139 212 4200 erat;
243 4148 341 4209 neque
365 4135 442 4193 enirn
458 4140 573 4194 tantum
590 4134 695 4194 Graeci
717 4133 829 4211 patriae
852 4133 964 4194 cultum
987 4138 1017 4192 11
1038 4131 1247 4220 humanitatem

125 4237 157 4293 in
183 4232 317 4294 colonias
339 4253 408 4295 snas
430 4233 660 4304 transtulerant,
691 4233 743 4293 sed
767 4234 841 4294 Galli
864 4251 982 4311 qnoque
1011 4251 1069 4310 qno
1091 4234 1248 4311 propiores

126 4332 276 4395 Massiliae
301 4343 400 4405 erant,
424 4354 460 4395 eo
481 4338 651 4414 pacatiores
675 4344 703 4396 et
727 4335 867 4396 cultiores
891 4333 1039 4396 habebant
1060 4333 1147 4393 sedes
1169 4352 1246 4394 suas.

125 4437 233 4514 ltaque
263 4453 330 4496 cum
356 4438 387 4496 11
417 4439 515 4498 animo
543 4437 629 4498 nobis
653 4439 703 4505 sit,
728 4437 915 4506 describere,
945 4454 1021 4514 quae
1044 4435 1196 4497 attulerint
1218 4438 1247 4496 in

181 4567 302 4620 Herzog,
318 4566 400 4608 Galliae
414 4567 479 4610 11111).
494 4568 544 4611 hisi.
720 4565 725 4576 '
761 4593 769 4608 .
1029 4547 1044 4605 l
