3154 5162
526 456 608 514 mas
630 457 649 514 t.
694 427 799 514 unnur
822 459 852 514 n.
1201 463 1239 524 et

118 640 206 683 suum
232 639 269 682 ex
293 623 375 682 omni
397 622 517 700 quidem
538 631 623 702 parte
646 621 838 685 absolverunt
859 643 937 687 anno
959 644 984 686 a.
1010 624 1061 686 Ch.
1088 632 1137 695 19,
1161 629 1239 688 occi·

117 724 241 786 dentem
264 743 344 793 vero,
369 725 453 785 cuius
475 743 545 804 pars
568 731 632 785 erat
654 724 856 788 Narbonensis
878 729 1044 807 provincia,
1067 729 1126 788 iam
1149 747 1174 789 a.
1200 733 1240 796 27

119 825 248 888 dimensi
271 822 415 904 erant¹⁷);
440 845 538 906 neque
561 828 660 888 minus
684 835 815 898 constat,
839 828 913 888 illud
937 829 1141 890 dimensorum
1165 849 1240 909 opus

117 930 214 1008 ipsius
237 927 274 988 bl.
299 929 448 1007 Agrippae
471 927 602 989 consiliis
626 947 692 990 esse
714 938 880 1009 peractum.
927 930 1010 992 Unde
1036 933 1238 1008 consequitur,

73 1110 77 1118 ⁵
119 1047 195 1108 quae
218 1032 250 1090 in
265 1028 353 1089 Plinii
376 1029 576 1108 descriptione
600 1030 636 1090 dc
658 1032 810 1111 provincia
832 1038 935 1092 nostra
957 1034 1157 1102 continentur,
1181 1035 1240 1094 nisi

118 1139 222 1211 aperte
246 1132 392 1209 originem
416 1132 548 1211 produnt
569 1135 777 1211 posteriorem,
801 1132 944 1194 recedere
965 1135 1069 1213 utique
1085 1154 1179 1215 usque
1202 1135 1239 1195 ad

118 1252 231 1294 annum
247 1253 272 1296 a.
287 1233 338 1294 Cb.
354 1238 403 1300 27.
435 1232 496 1294 lam
512 1252 582 1294 vero
597 1234 729 1313 produnt
744 1236 942 1312 posteriorem
959 1237 1104 1314 originem
1119 1239 1239 1298 nomina

119 1335 299 1415 oppidorum
323 1333 396 1396 Luci
417 1336 542 1414 Augusti
565 1344 594 1396 et
615 1338 764 1416 Augustae
787 1336 1038 1408 Tricastinorum,
1070 1355 1238 1415 quaecum
1278 1331 1283 1338 ’

116 1439 149 1497 in
171 1439 362 1516 imperatoris
384 1436 528 1498 honorem
551 1439 683 1516 Augusta
707 1439 766 1498 sint
787 1437 948 1517 appellata,
972 1440 1038 1518 ipse
1061 1447 1159 1501 autern
1180 1441 1237 1500 im·

115 1545 241 1618 perator
262 1538 384 1600 titulum
405 1540 530 1617 Augusti
552 1557 629 1599 anno
652 1540 773 1600 demum
796 1544 836 1607 27
859 1542 1063 1620 assumpserit,
1085 1559 1145 1600 non
1170 1548 1237 1602 ante

105 1639 200 1716 ‚hunc
227 1638 346 1702 annum
371 1647 534 1719 potuerunt
568 1643 716 1703 constitui.
767 1643 862 1719 Atque
896 1659 1001 1703 revera
1032 1645 1111 1706 inter
1145 1662 1238 1704 annos

115 1763 141 1802 a.
167 1741 220 1804 Cb.
246 1747 286 1809 27
310 1749 339 1802 et
361 1747 401 1807 22
422 1743 588 1821 Augustum
612 1742 765 1823 complura
786 1745 817 1803 in
839 1742 895 1804 hac
917 1745 1040 1822 regione
1062 1746 1236 1813 instituisse,

114 1844 187 1904 inde
216 1851 354 1922 apparet,
389 1844 469 1922 quod
497 1843 627 1922 reliquas
655 1845 775 1925 quidem
797 1846 981 1924 provincias,
1015 1863 1089 1923 quas
1122 1848 1238 1907 senatui

114 1945 295 2016 destinarat,
327 1965 404 2006 anno
432 1950 472 2012 27
498 1949 661 2008 senatorias
690 1965 756 2007 esse
784 1948 885 2016 iussit,
914 1946 1138 2008 Narbonensem
1166 1966 1237 2007 vero

114 2065 214 2125 usque
237 2047 274 2107 ad
297 2066 408 2109 annum
431 2052 471 2112 22
493 2047 549 2108 sibi
571 2044 770 2126 retinuit¹⁷⁸l;
796 2066 868 2126 ergo
891 2067 968 2108 anno
992 2053 1032 2113 22
1055 2049 1174 2108 dentum
1195 2050 1236 2108 ita

113 2150 276 2210 constituta
300 2167 335 2210 ea
358 2157 434 2219 erat,
465 2149 584 2227 qualem
608 2168 674 2211 esse
697 2148 789 2209 voluit
809 2150 976 2227 Augustus,
1008 2157 1036 2210 et
1063 2148 1112 2210 hic
1141 2167 1236 2210 annus

114 2258 272 2312 extremus
293 2252 420 2331 perlecti
443 2252 511 2311 novi
534 2251 647 2313 ordinis
670 2259 715 2312 est
737 2253 892 2313 terminus.

202 2352 432 2431 Progredientes
454 2354 546 2431 igitur
568 2352 604 2414 ab
627 2370 704 2414 anno
727 2373 752 2414 a.
777 2352 828 2414 Cb.
854 2358 894 2419 46
917 2354 1093 2433 incipiamus
1116 2372 1132 2413 a
1155 2351 1234 2412 colo-

113 2458 236 2516 niarum
259 2453 309 2516 illa
337 2473 391 2534 per
413 2455 459 2516 Ti.
484 2453 638 2516 Claudium
667 2455 874 2516 deductione.¹
902 2454 1033 2516 Vidimus
1061 2456 1235 2516 nominatim

114 2558 295 2618 Suetonium
319 2556 392 2618 duas
414 2563 528 2620 tantum
557 2574 717 2618 recensere
740 2555 884 2626 colonias,
915 2556 1084 2618 Narbonem
1113 2564 1142 2617 et
1163 2559 1234 2618 Are-

112 2658 206 2719 latem
230 2658 378 2736 simulque
400 2658 549 2727 indicare,
574 2658 678 2719 eodem
703 2666 837 2738 ternpore
860 2657 931 2718 alias
948 2674 1066 2736 quoque
1082 2677 1148 2718 esse
1164 2677 1234 2718 oon·

112 2761 201 2822 ditas.
248 2759 309 2822 Hae
337 2779 413 2840 quae
441 2761 567 2828 luerint,
606 2778 641 2820 ex
672 2761 837 2837 Pomponio
866 2759 941 2820 llela
970 2767 999 2819 et
1026 2759 1122 2821 Plinio
1150 2759 1235 2821 facile

110 2868 215 2942 potest
235 2863 372 2931 inveniri,
396 2862 547 2924 sciliceta
570 2861 674 2922 dextra
696 2861 832 2922 Rhodani
853 2869 938 2940 parte
961 2861 1129 2929 Baeterrae,
1157 2879 1172 2920 a
1195 2862 1234 2920 si·

111 2967 208 3026 nistra
236 2966 360 3025 Arausio
389 2973 418 3024 et
445 2964 556 3025 Forum
585 2962 665 3032 Iulii;
696 2983 763 3025 oum
787 2964 864 3023 enim
894 2961 930 3023 ab
952 2961 1010 3022 illis
1039 2961 1235 3039 scriptoribus

3 3123 5 3132 ,
111 3067 294 3144 cognomina
315 3065 486 3126 indicentur
508 3065 656 3126 Narbonis
678 3065 926 3134 Decumanorum,
951 3064 1163 3124 Baeterrarum
1178 3063 1231 3122 Se-

3 3151 5 3204 ἷ
110 3169 333 3247 ptimanorum,
367 3166 493 3228 Arelatis
522 3167 738 3235 Sextanorum,
773 3167 945 3228 Arausionis
978 3163 1233 3234 Secundanorum,

110 3271 187 3331 Fori
208 3269 275 3331 lulii
297 3269 524 3348 Octavanorum,
549 3276 672 3348 apparet
694 3266 800 3328 eodem
823 3267 948 3329 consilio
971 3267 1136 3344 eodemque
1159 3272 1232 3328 tem·

3 3385 5 3392 ’
109 3389 189 3451 porc
217 3371 272 3433 has
308 3371 440 3432 colonias
474 3389 539 3432 esse
574 3371 748 3432 constitutas
783 3386 947 3446 eorumque
975 3369 1150 3446 cognomina
1184 3367 1234 3427 de·

110 3481 233 3553 sumpta
254 3472 454 3552 alegionibus
470 3472 653 3534 Caesarianis
669 3471 792 3540 decima,
817 3472 951 3550 septima,
976 3477 1067 3538 sexta,
1093 3470 1232 3539 secunda,

110 3583 232 3644 octava;
255 3582 412 3655 praeterea
433 3575 544 3636 Forum
567 3572 633 3634 lulii
655 3573 807 3634 conditum
830 3590 896 3633 esse
924 3573 987 3632 vivo
1010 3571 1085 3632 lulio
1108 3570 1233 3632 Caesare

109 3679 183 3739 inde
205 3677 304 3746 uides,
333 3676 414 3756 quod
441 3682 689 3737 commemoratur
718 3693 751 3735 ea
774 3673 890 3736 colonia
911 3673 941 3733 in
964 3672 1078 3733 duabus
1101 3671 1234 3751 epistulis
1299 3657 1302 3664 ⁴

110 3801 138 3842 a.
164 3779 196 3840 L.
215 3779 324 3840 Planco
341 3796 365 3838 a.
384 3783 424 3844 43
449 3777 574 3839 eGallia
596 3777 733 3838 Ciceroni
755 3777 863 3837 missis.
875 3771 928 3853 171’)
975 3775 1113 3835 Ceterum
1130 3792 1234 3834 omnes

4 3897 5 3904 ¹
86 3882 179 3944 illas
201 3879 332 3944 colonias
355 3880 520 3941 Mommsen
544 3879 712 3958 suspicatur
734 3896 795 3939 non
819 3896 854 3939 ex
876 3878 950 3957 ipsis
971 3875 1133 3954 legionum,
1158 3891 1232 3954 qua-

182 4153 226 4217 17)
250 4152 307 4208 cfr.
330 4150 452 4215 Ritschl,
477 4151 521 4202 die
540 4151 726 4214 Vermessung
749 4148 798 4198 des
817 4163 901 4198 roem.
920 4144 1023 4196 Reichs
1042 4148 1122 4194 unter
1139 4142 1231 4206 Augu·
1274 4205 1278 4214 Ι

108 4244 172 4290 stus
189 4239 218 4288 in
235 4237 396 4290 Rheinisch.
414 4238 539 4287 Musoum
559 4236 623 4286 1842
642 4250 669 4300 p.
687 4234 737 4285 481
756 4248 814 4298 sqq.
835 4231 967 4295 imprimis
986 4246 1011 4294 p.
1030 4231 1088 4280 494.

183 4322 248 4387 l'la)
267 4323 321 4372 Dio
339 4325 385 4381 53,
405 4323 445 4372 12.
470 4322 515 4384 54,
535 4322 561 4374 4.

184 4407 248 4472 ttb)
269 4407 328 4458 cie.
348 4407 383 4456 ad
402 4407 466 4456 fam.
487 4408 530 4464 10,
551 4408 590 4456 17.

163 4521 283 4577 Herzog,
298 4521 384 4564 Galliae
397 4521 462 4564 Narb.
478 4521 529 4564 bist.
1012 4489 1031 4550 6
