3148 5160
510 473 593 531 PARS
616 475 645 530 ll.
683 475 790 530 canr
813 475 842 529 ll.
1172 476 1233 538 225

114 641 256 703 stratibus
278 640 516 720 municipalibus,
540 640 605 720 lege
629 660 698 702 vero
720 639 846 718 agebant
868 639 945 720 apud
968 626 1155 718 magistratus
1177 659 1233 720 pu·

100 744 207 805 -blicos
229 736 333 824 populi
356 742 489 804 Romani.

188 846 279 906 ¹llaec
302 845 338 904 de
361 845 527 905 voluntaria
549 844 770 905 iurisdictione:
801 853 904 905 contra
933 863 1006 924 quae
1029 843 1140 905 dicitur
1164 863 1233 904 con-

114 949 256 1016 tentiosa,
287 965 319 1006 ea
347 948 379 1006 in
407 952 532 1026 utroque
560 946 737 1025 oppidorum
765 964 877 1024 genere
908 946 1010 1006 eadem
1038 945 1116 1006 haud
1145 946 1235 1007 dubie

114 1056 186 1110 erat.
233 1047 468 1110 Continebantur
502 1055 598 1110 autem
631 1049 697 1109 loro
726 1046 897 1126 municipali
927 1054 955 1107 et
983 1049 1033 1124 qui
1060 1049 1183 1126 originis
1207 1054 1236 1108 et

114 1153 164 1230 qui
187 1149 331 1210 domicilii
352 1151 468 1210 ratione
490 1152 567 1210 intra
589 1152 775 1211 territorium
798 1148 978 1228 municipale
1001 1149 1148 1227 degebant
1173 1151 1235 1210 sive
1296 1148 1301 1160 '

115 1259 144 1312 et
166 1253 247 1312 cives
271 1259 300 1312 et
322 1250 452 1319 incolae;
477 1251 583 1312 modus
606 1270 689 1322 vero,
721 1253 745 1312 si
768 1251 889 1328 quidem
912 1251 1007 1329 legem
1032 1250 1174 1312 Rubriam
1197 1251 1234 1310 de

115 1352 208 1414 Gallia
237 1352 386 1432 Cisalpina
415 1352 450 1413 ad
482 1352 613 1431 reliquas
641 1371 761 1433 quoque
788 1355 957 1432 provincias
985 1352 1054 1413 lieet
1081 1352 1233 1423 adhibere,

115 1454 185 1516 huic
198 1455 398 1516 iurisdictioui
420 1457 459 1515 ita
476 1463 539 1516 erat
556 1457 721 1534 impositus,
746 1462 778 1516 ut
792 1473 869 1534 quae
884 1474 934 1515 res
948 1453 1043 1533 pluris
1066 1462 1167 1516 essent
1186 1455 1234 1516 HS

115 1557 165 1617 XV
188 1556 313 1624 milium,
337 1556 374 1616 de
396 1557 433 1616 iis
455 1555 567 1635 publici
590 1555 692 1636 populi
707 1557 834 1617 Romani
855 1560 902 1618 ius
925 1557 1059 1619 dicerent
1080 1559 1234 1635 magistra·

115 1655 232 1736 lus.¹⁵⁸)
277 1657 381 1718 Eidem
402 1658 601 1718 iurisdictioni
623 1657 768 1718 modicam
786 1661 995 1720 coercitionem
1018 1661 1078 1719 sire
1095 1661 1142 1720 ius
1158 1658 1233 1718 mul·

114 1769 162 1820 tae
184 1759 324 1820 dictionis
347 1761 562 1838 competivisse,
586 1761 625 1820 ita
648 1768 745 1820 tamen
767 1768 800 1821 ut
821 1760 889 1821 inde
904 1762 1073 1840 provocatio
1097 1768 1176 1821 esset
1199 1760 1234 1820 ad
1325 1747 1327 1751 ⁴

116 1862 265 1931 ordinem,
297 1880 332 1922 ex
355 1860 421 1939 lege
444 1863 645 1948 comperimus
667 1861 848 1922 Malacitana.
860 1858 910 1940 159)
956 1861 1077 1922 Publica
1105 1861 1233 1939 denique

114 1962 225 2023 iudicia
249 1982 321 2024 num
348 1982 405 2042 qua
434 1965 548 2023 ratione
576 1963 631 2023 sub
660 1963 891 2042 imperatoribus
918 1964 950 2022 in
978 1964 1146 2041 municipiis
1174 1965 1234 2023 sive

3 2053 4 2056 ¹
97 2064 224 2124 'civium
246 2065 448 2126 Romanorum
471 2067 532 2125 sive
555 2064 727 2128 Latinorum
749 2065 874 2132 luerint,
900 2065 987 2124 nimis
1008 2065 1155 2124 incertum
1179 2062 1232 2134 est,

3 2159 4 2174 ¹
115 2184 205 2243 qnam
227 2172 260 2226 ut
282 2165 330 2225 bic
353 2164 389 2226 de
413 2184 447 2226 ea
469 2185 502 2226 re
526 2162 714 2246 agamus.¹⁶⁰)

200 2266 354 2329 Aedilibus
377 2267 484 2328 deinde
500 2268 535 2327 ad
552 2287 653 2328 curam
668 2266 817 2336 ludorum,
843 2269 964 2338 viarum,
989 2285 1133 2344 aquarum
1156 2267 1235 2329 baud
1305 2255 1307 2260 '

116 2369 206 2430 dubie
230 2368 390 2430 accedebat
412 2388 481 2430 cura
510 2387 644 2431 annonae
669 2376 697 2429 et
720 2371 852 2430 omnium
874 2388 989 2438 rerum,
1019 2389 1094 2449 quae
1117 2370 1235 2449 publice

118 2471 264 2542 venibant,
288 2472 318 2530 in
340 2472 437 2550 iisque
460 2470 599 2531 omnibus
621 2473 748 2549 negotiis
770 2471 1004 2532 iurisdictionem
1021 2472 1167 2548 quandam
1184 2490 1235 2533 eos

116 2573 258 2634 babuisse
281 2580 310 2633 et
331 2560 478 2634 modicam
501 2574 711 2635 coercitionem
733 2569 844 2634 diserte
867 2569 1059 2653 traditur.¹⁶¹)

202 2673 397 2746 Quaestorum
422 2674 501 2754 quod
523 2675 614 2735 luerit
636 2675 775 2744 ollicium,
799 2695 835 2736 ex
859 2678 968 2736 nostris
990 2677 1235 2755 inscriptionibus

116 2775 199 2836 nullo
222 2775 310 2836 modo
332 2781 432 2855 potest
454 2777 532 2844 erui;
563 2775 681 2835 aliunde
709 2784 807 2836 autem
835 2778 905 2837 satis
928 2783 1032 2837 nolum
1056 2784 1113 2847 est,
1144 2796 1234 2856 pecu·
1286 2773 1289 2778 ’

117 2880 197 2938 niam
224 2876 374 2956 publicam
403 2896 454 2938 eos
480 2873 678 2955 tractasse¹⁶²l
709 2884 738 2937 et
767 2897 863 2938 arcam
892 2896 1080 2938 communem
1104 2879 1234 2938 custodi·

117 2981 203 3040 visse.
250 2979 387 3040 Statuere
410 2985 517 3048 autem,
542 2978 578 3038 ad
602 2996 676 3055 quos
700 2998 769 3039 usus
785 2978 1010 3057 impenderetur
1033 2980 1158 3058 pecunia
1180 2999 1235 3058 pu·

116 3081 209 3150 blica,
241 3098 300 3140 non
330 3088 521 3157 quaestorum
550 3087 627 3149 erat,
658 3080 711 3140 sed
740 3098 925 3140 summorum
953 3081 1178 3158 magistratuum
1207 3087 1236 3140 et

117 3182 242 3252 ordinis,
267 3183 374 3259 quibus
396 3201 510 3243 summa
527 3181 714 3262 competebat
735 3183 842 3242 aerarii
866 3201 935 3242 cura
958 3188 987 3241 et
1009 3178 1232 3243 administratio.

203 3283 261 3354 Qui
283 3286 313 3344 in
337 3301 454 3363 quoqne
470 3285 632 3364 municipio
656 3290 741 3344 erant
756 3285 954 3360 magistratus,
980 3302 1084 3344 eornm
1106 3291 1236 3362 potestas

116 3390 146 3446 in
171 3384 310 3446 omnibus
332 3385 432 3455 rebus,
456 3405 531 3465 quae
555 3386 597 3472 ad.¹
607 3404 793 3446 communem
812 3386 937 3446 civitatis
959 3404 1022 3446 rem
1037 3386 1234 3465 pertinebant,

116 3494 211 3548 totum
228 3486 500 3566 comprehendebat
523 3489 647 3548 civitatis
664 3489 857 3547 territorium.
895 3487 999 3564 Neque
1014 3495 1113 3548 tamen
1129 3487 1234 3548 duum-

117 3591 171 3649 viri
200 3572 429 3649 iuri'dicundo.
447 3607 571 3649 necesse
600 3596 663 3650 erat
688 3591 746 3668 ipsi
775 3589 885 3668 ubique
914 3596 1091 3668 potestatem
1114 3609 1234 3676 exerce-

116 3699 194 3760 rent,
220 3689 272 3750 sed
294 3691 462 3769 praefectos
483 3696 623 3768 poterant
646 3693 812 3759 nominare,
843 3692 947 3770 quiin
971 3693 1042 3752 vicis
1065 3693 1235 3752 remotiori-

117 3791 175 3852 bus
192 3794 328 3871 ipsorum
353 3795 414 3853 vice
437 3793 649 3869 iungerentur,
674 3793 757 3852 cuius
780 3793 899 3869 generis
922 3799 967 3852 est
989 3793 1234 3871 praelectus'no·

130 3963 139 3968 .
150 3963 157 3968 .
164 3962 423 3970 -.-.-—------..--—-..-..-

186 4078 245 4142 158)
265 4080 324 4129 Lex
341 4077 426 4128 Rubr.
445 4079 481 4131 Π.
499 4080 525 4132 4.
545 4080 644 4131 11127.
679 4079 830 4128 Mommsen
848 4079 902 4131 l.·l.
920 4096 947 4144 p.
965 4082 1015 4131 402
1034 4095 1074 4144 sq.
1093 4080 1150 4128 442.

186 4163 246 4227 169)
266 4165 324 4214 Lex
341 4163 444 4214 Malae.
464 4164 536 4214 rubr.
557 4163 597 4212 66.
633 4162 784 4213 Mommsen
801 4162 819 4211 l.
838 4163 857 4212 l.
876 4179 901 4228 p.
919 4164 969 4212 442
989 4179 1028 4227 sq.

185 4246 245 4312 160)
266 4245 322 4299 cfr.
339 4247 456 4310 Walter,
478 4247 577 4298 Gesoh.
596 4247 643 4298 des
661 4264 744 4299 roem.
764 4247 868 4296 Rechts
886 4248 909 4308 §.
928 4249 977 4298 839
996 4246 1031 4308 (3.
1050 4246 1138 4310 Aufl.).

185 4332 246 4396 161)
264 4332 324 4382 Lex
341 4330 443 4384 Melae.
460 4332 534 4382 rubr.
553 4333 594 4384 66.

185 4416 246 4481 162)
265 4417 325 4467 Lex
342 4416 443 4468 Malae.
462 4417 536 4468 rubr.
553 4419 594 4468 60.

168 4533 290 4584 Herzog,
307 4531 390 4573 Galliae
403 4531 469 4574 Nnrb.
486 4532 536 4574 bist.
997 4509 1033 4568 15
1119 4504 1122 4508 ·
