3184 5162
572 429 656 494 PARS
676 430 696 486 l.
741 431 848 492 GAPV'l'
870 431 889 488 l.
1246 437 1286 498 45

164 596 325 658 titudinem
339 598 482 675 gentium,
506 599 537 660 iu
552 615 641 677 quam
658 597 832 668 inciderant,
856 605 1006 678 quaerunt
1020 600 1046 660 si
1062 616 1149 676 quam
1166 599 1202 662 ad
1217 619 1286 662 suas

163 706 267 780 partes
288 697 416 768 trahant,
441 697 561 760 Salluvii
584 717 703 780 quoque
726 699 879 762 clientelae
900 703 1016 762 ratione
1039 701 1171 763 finitimis
1192 704 1287 764 iuncti

163 819 225 862 uon
248 799 385 862 dubitant
407 809 551 880 patronos
579 821 650 863 suos
678 809 784 864 contra
812 821 984 864 communes
1013 801 1116 865 hostes
1145 805 1284 865 excitare.

162 902 235 964 Erat
257 911 336 972 tum,
360 909 507 982 utsupra
530 903 568 984 (p.
586 902 636 982 33)
661 904 801 972 vidimus,
831 905 981 966 intereas
1003 912 1122 983 gentes,
1151 922 1226 986 quae
1254 906 1285 967 in

163 1005 285 1067 sinistra
306 1002 443 1066 Rhodam
464 1006 529 1086 ripa
552 1004 756 1075 considebant,
780 1004 868 1082 longe
890 1007 1096 1085 potentissima
1118 1024 1191 1085 gens
1206 1006 1284 1069 Allo·

161 1105 307 1184 brogum,
336 1123 413 1184 quae
436 1125 541 1168 omnes
562 1107 692 1187 reliquas
714 1107 795 1169 illius
822 1109 917 1186 partis
938 1109 1072 1170 civitates
1094 1110 1123 1169 in
1147 1107 1284 1170 clientela

161 1208 281 1270 videtur
296 1207 445 1270 babuisse.
476 1211 513 1270 At
524 1228 561 1271 ne
573 1208 749 1288 Allobroges
764 1209 883 1288 quidem
899 1211 1028 1290 propriis
1044 1218 1157 1272 tantum
1173 1209 1285 1271 viribus

160 1309 345 1380 nitebantur,
369 1310 422 1372 sed
445 1316 475 1371 et
490 1312 548 1391 ipsi
562 1313 592 1373 in
612 1311 751 1374 clientela
767 1317 851 1373 erant
865 1314 1081 1383 Arvernorum,
1109 1315 1161 1391 qui
1182 1311 1219 1374 ab
1242 1311 1283 1374 al-

161 1419 230 1474 tera
261 1411 396 1474 Rhodani
433 1419 519 1491 parte
559 1415 690 1492 primum
729 1432 764 1474 eo
798 1422 934 1492 tempore
967 1413 1066 1475 locum
1099 1413 1281 1476 obtinebant.

160 1513 239 1576 Cum
262 1532 332 1576 vero
354 1515 450 1576 vicina
472 1515 612 1576 Arvernis
640 1522 720 1577 esset
747 1517 847 1576 civitas
869 1515 1042 1578 Aeduorum
1070 1523 1100 1577 et
1126 1518 1191 1597 ipsa
1213 1518 1284 1578 satis

160 1632 279 1694 magna,
303 1633 379 1694 quae
402 1635 491 1696 saepe
514 1635 582 1678 cum
608 1617 667 1678 illis
695 1617 732 1678 de
754 1618 924 1697 principatu
947 1624 1126 1690 certaverat,
1158 1618 1284 1681 Romani

158 1716 249 1779 facile
271 1719 489 1798 perspicientes
512 1719 583 1797 quid
604 1719 674 1781 inde
694 1719 844 1780 commodi
866 1717 922 1781 sibi
944 1721 1086 1790 eveniret,
1111 1721 1283 1782 societatem

159 1839 233 1884 cum
258 1819 368 1881 Aeduis
395 1821 527 1882 inierunt
555 1837 653 1898 neque
686 1819 861 1881 dubitarunt
887 1821 1033 1900 probare,
1075 1839 1163 1899 quam
1195 1821 1282 1882 firmo

157 1921 311 2001 praesidio
325 1923 509 1991 fruerentur,
533 1925 584 2000 qui
599 1922 702 2003 populi
716 1923 841 1984 Romani
856 1921 1022 2000 gauderent
1036 1923 1173 1983 amicitia.
1208 1923 1280 1984 Nam

159 2041 232 2084 cum
253 2022 387 2086 devictus
410 2022 607 2086 Salluviorum
636 2043 688 2086 rex
711 2023 913 2085 'leutomalius
943 2023 1096 2085 clientelae
1119 2026 1186 2085 iure
1209 2041 1281 2085 usus

159 2125 346 2203 confugisset
379 2125 415 2186 ad
446 2125 621 2204 Allobroges
655 2126 692 2187 ab
727 2127 823 2203 iisque
856 2122 984 2204 benigne
1018 2133 1161 2205 exceptus
1190 2130 1279 2194 esset,

158 2227 310 2306 simulque
343 2226 434 2288 iidem
461 2226 651 2306 Allobroges,
687 2233 791 2306 utpote
824 2228 1025 2289 Arvernorum
1054 2225 1212 2296 foederati,
1250 2227 1280 2286 iu

157 2329 237 2390 lines
257 2329 429 2391 Aeduorum
451 2331 640 2399 invasissent,
671 2329 722 2390 Cn.
753 2329 897 2390 Domitius
924 2327 1138 2400 Ahenobarbus
1165 2327 1279 2397 consul,

158 2432 214 2508 qni
236 2449 312 2493 anno
337 2435 398 2496 122
427 2430 527 2492 Sextio
555 2433 586 2493 in
610 2430 702 2492 Gallia
730 2421 930 2500 successerat,
959 2430 1072 2493 bellum
1099 2431 1136 2491 iis
1163 2430 1277 2491 indixit.

156 2532 273 2595 Deinde
295 2530 347 2593 ubi
361 2532 537 2612 Allobroges
560 2534 621 2595 suis
644 2532 758 2594 viribus
781 2532 869 2594 diffisi
891 2532 1000 2594 auxilio
1022 2539 1167 2594 vocarunt
1186 2532 1278 2594 Bitui-

159 2641 240 2704 tum,
268 2636 472 2696 Arvernorum
498 2653 615 2713 regem,
645 2635 771 2697 Romani
807 2652 941 2712 quoque,
971 2634 1041 2695 dum
1070 2635 1198 2696 Bituitus
1225 2652 1279 2714 per

157 2754 279 2798 omnem
296 2734 419 2798 Galliam
436 2735 660 2800 meridionalem
683 2736 836 2798 clientium
850 2737 1026 2798 immensam
1041 2735 1151 2798 molem
1167 2743 1278 2804 evocat,
1384 2783 1386 2788 .

155 2837 285 2920 periculi
306 2839 449 2917 gravitate
477 2841 549 2901 moti
572 2838 661 2900 huius
683 2840 769 2907 anui,
800 2839 851 2918 qui
874 2856 968 2900 annus
992 2844 1055 2900 erat
1078 2856 1103 2898 a.
1128 2837 1180 2899 Cb.
1207 2841 1277 2905 121,

157 2939 314 3003 consulem
336 2941 371 3013 Q.
394 2941 520 3002 Fabium
542 2941 701 3003 Maximum
723 2941 753 3001 in
776 2939 920 3002 auxilium
943 2939 1061 3000 Domitii
1082 2939 1217 3008 mittunt,
1246 2948 1279 2999 ut

155 3043 268 3104 iunctis
290 3041 403 3104 viribus
425 3041 484 3103 duo
514 3043 663 3104 exercitus
690 3043 870 3104 coacervatis
892 3041 995 3102 Bituiti
1024 3041 1117 3119 copiis
1145 3058 1276 3120 oppone·

155 3151 274 3205 rentur.
321 3143 526 3206 Occurrerunt
547 3145 697 3214 Arvernis,
721 3149 754 3204 ut
776 3143 889 3204 Plinius
910 3142 1009 3211 tradit,
1034 3161 1059 3203 a.
1084 3141 1112 3202 d.
1136 3141 1182 3202 vt.
1208 3141 1278 3203 ldus

154 3247 306 3325 Augustas
321 3245 358 3306 ad
374 3245 560 3308 conduentes
574 3247 674 3306 isarae
697 3252 726 3305 et
747 3244 891 3313 Rhodani,
915 3250 1004 3325 atque
1026 3243 1100 3305 adeo
1123 3229 1278 3324 splendida¹

56 3381 60 3389 ·
155 3348 214 3408 ruit
227 3348 431 3409 Romanorum
452 3349 584 3418 victoria,
607 3354 641 3408 nt
663 3366 731 3408 cum
753 3349 784 3408 in
805 3349 870 3426 ipsa
892 3363 992 3426 pugna
1014 3353 1077 3408 tum
1098 3347 1278 3406 intransitu

156 3447 294 3510 Rhodani
316 3449 469 3511 Gallorum
492 3467 577 3511 caesa
599 3449 771 3518 dicerentur
793 3447 873 3508 milia
901 3453 1021 3509 centum
1045 3447 1159 3524 viginti,
1188 3453 1277 3524 atque

155 3552 266 3631 pugnis
288 3553 415 3613 maxime
438 3551 595 3613 celebratis
623 3571 639 3612 a
662 3552 782 3613 Graecis
810 3549 1009 3626 Romanisque
1038 3566 1140 3609 rerum
1168 3549 1276 3610 Roma·

154 3669 265 3714 narum
287 3652 485 3732 scriptoribus
507 3652 557 3715 ille
580 3652 644 3714 dies
666 3652 924 3714 adnumeraretur.
969 3651 1032 3712 Rex
1055 3656 1154 3712 autem
1169 3651 1275 3714 Arver-

155 3772 266 3816 norum
288 3773 356 3816 cum
379 3753 417 3816 ob
439 3754 516 3817 hanc
539 3773 627 3816 unam
651 3753 765 3816 cladem
788 3753 825 3814 de
847 3752 1046 3814 continuando
1068 3751 1146 3814 bello
1169 3752 1276 3833 despe-

154 3873 226 3917 rans
249 3863 280 3916 et
302 3857 365 3918 suis
388 3865 417 3918 et
438 3855 648 3935 Allobrogibus
669 3863 702 3918 ut
724 3857 757 3929 Q.
775 3855 866 3918 Fabio
890 3873 923 3916 se
944 3854 1088 3916 dederent
1110 3857 1275 3934 persuasis·

155 3963 211 4028 set,
240 3957 294 4020 Cn.
324 3958 444 4038 Domitii
472 3959 597 4038 perfidia
624 3959 810 4037 interceptus
840 3976 902 4018 non
934 3955 1032 4017 solum
1057 3957 1123 4034 ipse
1150 3956 1275 4017 Romam

154 4061 266 4121 missus
294 4066 355 4130 est,
385 4060 437 4121 sed
460 4067 581 4122 senatus
603 4061 754 4122 Romanus
776 4058 869 4121 filium
896 4076 1014 4138 quoque
1038 4058 1273 4136 Cougentiatum,

154 4167 188 4222 ut
210 4179 307 4242 aeque
330 4179 364 4222 ac
387 4169 471 4241 pater
492 4163 524 4223 in
545 4161 628 4223 ltalia
650 4161 871 4231 custodiretur,
909 4144 1113 4239 expostulavit.
1160 4157 1276 4218 lnterea

154 4262 188 4338 Q.
218 4263 330 4328 Fabius
357 4281 391 4324 re
418 4262 572 4343 splendide
600 4271 684 4342 gesta
711 4262 823 4325 bellum
850 4263 967 4322 linitum
993 4266 1101 4342 putans
1129 4259 1218 4320 rediit
1244 4261 1275 4320 in

152 4363 282 4438 ltaliam,
313 4367 488 4445 permittens
510 4366 654 4437 Domitio,
682 4372 716 4427 ut
738 4363 881 4444 quidquid
908 4361 945 4424 ad
966 4360 1129 4442 pacandam
1152 4359 1274 4424 Galliam
