3154 5162
505 479 587 536 PARS
608 481 639 536 ll.
685 481 791 538 GAPVT
812 483 832 538 Ι.
1165 489 1224 549 145

21 655 22 718 J
119 662 180 704 nem
202 643 356 722 Vologatae
380 643 493 724 (lenire
510 645 693 707 Beaorie'res
713 653 742 707 et
760 648 806 708 Lo
827 648 960 708 Boume'
983 647 1099 729 Lapie),
1128 658 1223 712 muta·

21 755 22 758 ’
119 747 220 808 tionem
241 747 425 808 Cambonum
446 767 525 828 pone
549 750 676 810 (lauram
699 755 832 810 montem
857 749 919 832 (Col
938 752 976 812 de
998 751 1114 832 Cobres)
1138 755 1223 813 sitam

121 847 168 926 (Lu
188 849 303 910 Bautae
330 850 402 911 Anv.
426 869 455 929 p.
482 857 557 921 195;
586 851 627 910 St.
653 852 759 912 Pterre
779 853 972 937 submoneor
994 851 1110 933 Lapie),
1140 873 1223 914 man·
1319 849 1323 864 “

120 951 222 1014 sionem
249 951 379 1012 Montem
409 950 526 1013 Seleuci
550 951 809 1035 (Mona-savena),
839 957 1032 1016 mutationem
1062 955 1222 1016 Davianum

21 1103 22 1114 ,
120 1049 222 1129 (Veyne
243 1055 314 1113 Anv.
339 1062 369 1115 et
392 1053 507 1132 bapie),
531 1057 725 1116 mutationem
747 1056 783 1116 ad
805 1056 893 1117 Fines
917 1059 958 1139 (la
976 1057 1077 1118 Rocbe
1099 1059 1151 1118 des
1166 1058 1222 1116 Ar·

21 1215 22 1218 ,
118 1157 206 1215 nands
226 1153 337 1235 Lapie).
371 1155 454 1227 Quod
471 1156 589 1218 Finium
611 1175 722 1218 nomen
735 1157 867 1219 indicare
883 1158 956 1219 mibi
973 1158 1098 1228 videtur,
1121 1160 1223 1238 priore

118 1262 240 1336 tempore
263 1259 407 1318 terminos
432 1256 475 1318 ibi
501 1259 593 1319 luisse
621 1261 712 1321 totius
740 1261 910 1338 provinciae
938 1261 1028 1340 idque
1056 1279 1091 1321 eo
1120 1262 1221 1338 magis,

21 1381 24 1392 ·
72 1442 76 1446 Ι
119 1359 187 1434 quod
209 1372 284 1437 quae
308 1361 443 1436 sequitur
465 1362 580 1422 mansio
603 1362 822 1440 Vapincum,
849 1364 915 1438 Gap
923 1408 931 1442 ,
960 1368 1075 1424 remota
1103 1363 1221 1423 aFini·

21 1539 22 1548 ¹
117 1457 166 1520 bus
186 1480 222 1522 m.
246 1481 276 1542 p.
300 1460 354 1531 XI,
380 1481 396 1522 a
419 1461 513 1524 Plinio
536 1481 596 1523 non
619 1465 797 1524 nominatur.
842 1465 878 1524 At
906 1465 984 1544 quod
1012 1462 1090 1523 idem
1115 1465 1220 1543 Vapin-

21 1583 22 1586 ’
118 1579 176 1622 cum
195 1565 225 1624 in
246 1565 351 1624 notitia
373 1565 594 1642 provinciarum
615 1567 786 1626 nominatur
808 1567 886 1625 inter
907 1567 1038 1626 civitates
1053 1567 1222 1644 provinciae

21 1701 23 1728 t
116 1662 307 1726 Narbonensis
322 1665 479 1736 secundae,
504 1665 583 1743 quod
599 1666 706 1728 deinde
721 1669 751 1727 in
768 1667 872 1728 eadem
887 1669 951 1728 iere
969 1669 1092 1746 regione
1115 1685 1222 1728 secun·

21 1761 22 1794 ³
116 1763 177 1826 dum
198 1767 377 1829 Strabonem
400 1766 456 1844 (IV.
480 1787 509 1846 p.
527 1764 598 1845 203)
629 1767 791 1829 collocandi
818 1776 888 1830 sunt
909 1775 1068 1840 Medulli,
1093 1786 1222 1846 quorum

116 1868 250 1930 civitatem
285 1878 354 1949 post
382 1872 541 1950 Agrippam
569 1872 738 1948 provinciae
767 1873 928 1950 ascriptam
957 1888 1022 1930 esse
1054 1873 1221 1931 invenimus

116 1967 204 2049 (supra
220 1991 248 2050 p.
269 1969 351 2049 134),
369 1974 532 2052 Vapineum
547 1971 744 2032 Medullorum
761 1974 907 2034 civitatem
922 1973 1014 2032 luisse
1030 1971 1219 2032 indicaverim

114 2073 293 2152 receptisque
308 2073 444 2134 Medullis
466 2074 542 2135 fines
558 2075 732 2153 provinciae
755 2075 794 2134 ita
816 2072 961 2152 prolatos,
985 2079 1019 2133 ut
1038 2075 1103 2134 iarn
1121 2079 1221 2133 essent

21 2191 23 2210 ¹
113 2170 182 2234 inter
196 2176 359 2254 Vapincum
384 2182 413 2235 et
435 2175 576 2255 oppidum
592 2176 780 2252 Caturigum;
804 2177 903 2255 ipsum
925 2175 1088 2254 Vapinoum
1110 2181 1217 2245 autem,

21 2283 23 2334 ἑ
114 2275 183 2350 quod
208 2277 238 2336 in
268 2277 372 2337 notitia
401 2277 468 2336 iure
497 2279 591 2337 utitur
620 2279 757 2347 civitatis,
792 2282 877 2338 antea
912 2275 1054 2355 oppidum
1082 2275 1220 2336 Latinum

21 2373 23 2452 ξ
112 2375 194 2438 luisse
216 2377 316 2438 oredo.
350 2379 483 2458 Denique
506 2379 542 2439 ad
565 2380 721 2439 Vasiouem
743 2379 893 2440 referendi
916 2384 985 2438 sunt
1007 2386 1036 2438 et
1051 2378 1218 2448 Cadienses

112 2480 156 2556 qui
182 2487 454 2542 commemorantur
482 2482 512 2540 in
541 2478 627 2541 titulo
655 2488 757 2542 nostro
787 2500 816 2541 n.
842 2485 917 2549 446,
947 2487 1067 2559 reperto
1097 2483 1127 2540 in
1156 2483 1219 2541 vico

111 2579 232 2644 Mirabel
260 2601 355 2662 prope
384 2582 556 2651 Vasionem‚
588 2591 617 2643 et
650 2583 776 2644 sortasse
809 2600 902 2662 pagus
930 2582 1054 2662 Epotius
1083 2583 1163 2665 (app.
1188 2601 1216 2642 n.

111 2680 190 2761 489),
219 2686 271 2763 qui
298 2683 386 2746 bodie
413 2683 531 2744 videtur
560 2703 626 2745 esse
654 2685 767 2760 Ppulo,
797 2684 864 2760 dep.
896 2687 947 2744 des
973 2685 1220 2760 Hecates-Alpes:

21 2767 23 2788 ³
110 2800 198 2863 neque
220 2787 320 2848 minus
342 2785 399 2846 buc
423 2787 571 2866 pertineat
591 2804 685 2866 pagus
700 2787 760 2863 Rag
776 2833 783 2846 .
800 2833 851 2847 ...
874 2787 1077 2865 inscriptionis
1100 2794 1219 2847 nostrae

21 2959 23 2966 Α
110 2902 135 2944 n.
157 2893 230 2957 447,
255 2905 332 2965 quae
354 2894 474 2967 reperta
497 2895 542 2948 est
563 2890 593 2948 in
617 2890 679 2948 vico
701 2889 743 2949 Le
764 2887 853 2960 Buts,
877 2888 1001 2948 arrond.
1018 2887 1123 2962 Nyons.
1164 2889 1217 2947 Ac·

21 3011 23 3056 g
110 2987 211 3050 cedunt
234 3009 272 3051 ex
293 2991 447 3050 itinerario
469 2991 609 3050 Antonini
633 2989 670 3069 (p.
688 2994 750 3054 342
773 2985 828 3066 sq.)
854 2988 1015 3066 Segustero
1040 2996 1069 3046 et
1089 2986 1215 3054 Alabon;

21 3075 23 3182 ξ
109 3106 170 3150 nam
192 3092 397 3171 Segustero
417 3083 576 3171 (Sistemn,
597 3091 667 3166 dep.
685 3092 736 3152 des
754 3087 1001 3167 Bassos-Alpes),
1026 3089 1080 3148 sita
1096 3088 1132 3147 ad
1148 3105 1217 3148 con·

21 3189 24 3282 ξ
108 3189 245 3255 lluentem
278 3196 334 3254 rivi
361 3194 467 3253 Buecb
494 3199 528 3252 et
555 3193 730 3262 Druentiae,
765 3211 833 3252 cum
866 3191 943 3270 apud
972 3189 1100 3251 Plinium
1133 3189 1217 3259 desit,

108 3295 201 3369 priore
224 3299 361 3375 temporo
386 3294 459 3356 nihil
487 3295 545 3355 nisi
572 3295 659 3355 statio
687 3297 750 3354 viae
773 3294 834 3355 sive
864 3295 945 3352 vicus
973 3291 1089 3352 videtur
1117 3291 1216 3361 luisse,

109 3401 134 3453 et
154 3405 255 3474 postea
279 3397 399 3458 demum
422 3396 550 3457 obtinuit
572 3397 619 3456 ius
642 3397 780 3464 civitatis,
805 3402 838 3455 ut
861 3395 942 3455 vides
965 3412 1000 3454 ex
1024 3395 1126 3453 notitia
1148 3411 1218 3471 pro·

21 3541 23 3576 :
108 3496 278 3569 vinciarum,
302 3500 355 3560 ubi
377 3501 476 3559 civitas
500 3497 738 3575 Segesteriorum
760 3498 929 3556 nominatur
952 3497 1121 3575 provinciae
1143 3495 1216 3555 Nar-

106 3595 239 3662 bonensis
263 3599 427 3669 secundae;
452 3620 468 3661 a
491 3600 692 3678 Segusterone
715 3606 814 3660 autem
841 3599 977 3678 proxime
1005 3596 1109 3658 aberat
1134 3594 1218 3656 loeus

21 3739 23 3758 t
107 3697 260 3782 Theopolis
278 3702 354 3784 (app.
373 3720 402 3762 n.
420 3700 508 3779 490),
533 3703 616 3762 cuius
639 3719 748 3762 nomen
764 3700 890 3761 servavit
906 3699 989 3760 locus
1005 3700 1055 3775 qui
1069 3697 1157 3758 hodio
1174 3705 1218 3758 est

21 3851 23 3872 ,
109 3799 215 3875 Theou,
239 3823 335 3884 prope
357 3805 454 3864 vicum
469 3803 510 3863 St.
529 3801 649 3864 Geniez.
679 3802 791 3864 Alabon
808 3821 876 3863 vero
891 3821 930 3862 rn.
948 3821 977 3880 p.
993 3800 1057 3861 llVl
1072 3808 1184 3861 remota
1201 3820 1217 3860 a

21 3903 23 3982 f
108 3903 303 3982 Segusterone
318 3906 406 3966 bodie
423 3911 467 3966 est
481 3904 664 3974 Alemont,
683 3923 741 3983 quo
756 3904 821 3965 loco
837 3912 954 3983 reperta
973 3911 1017 3963 est
1031 3902 1090 3969 illa,
1107 3901 1144 3961 de
1160 3918 1216 3978 qua

21 4053 23 4066 ,
107 4006 188 4068 modo
203 4009 343 4078 diximus,
361 4009 516 4086 inscriptio
532 4009 601 4086 pagi
611 4005 719 4084 Epotii.
744 4007 930 4067 Postremum
947 4003 1046 4064 tabula
1058 4001 1214 4078 Peutinge·

21 4085 24 4130 t
105 4109 183 4170 rinna
194 4110 366 4190 suppeditat
377 4111 533 4170 stationem
541 4108 680 4170 Geminas
692 4107 889 4168 interLucum
898 4114 927 4166 et
933 4105 1037 4185 Alpem
1043 4098 1215 4178 Gottiam.²⁹)

21 4375 23 4404 r
166 4331 210 4395 29)
229 4332 274 4382 De
292 4345 344 4398 quo
361 4327 475 4382 tabulae
492 4329 554 4381 loco
573 4333 668 4396 aperte
688 4331 814 4392 corrupto
832 4327 883 4378 cfr.
901 4325 970 4377 Anv.
987 4340 1013 4390 p.
1033 4323 1091 4374 344.
1114 4322 1218 4372 Uclrert

21 4455 22 4468 ,
104 4415 301 4476 mmm&

151 4529 271 4583 Herzog,
287 4531 370 4573 Galliae
384 4529 448 4574 Nerb.
464 4531 517 4573 hist.
776 4570 781 4583 ,
975 4501 1014 4562 10
