3184 5162
638 447 838 506 PROOEMlVM.
1253 453 1290 514 31

171 615 240 676 dam
263 615 433 675 libertatem
457 613 563 674 Graeci
584 613 757 675 invidebant
779 633 814 674 eo
838 616 1042 693 conspicuam,
1068 616 1146 692 quod
1169 619 1292 696 proprio

169 719 293 777 nomine
316 734 456 776 nummos
479 718 597 794 signare
626 717 660 776 iis
689 715 804 776 licebat.
851 717 977 777 Prorsus
1005 715 1099 777 libera
1126 736 1197 778 vero
1220 737 1290 778 con·

170 820 289 880 dicione
314 827 400 878 erant
419 825 525 896 gentes
548 817 615 877 illae
638 817 775 897 Alpinae,
804 834 879 893 quae
903 818 1011 878 eadem
1029 837 1219 880 nummorum
1242 839 1290 880 ra·

169 923 252 982 tione
275 920 450 988 utebantur,
474 919 709 996 Rigomagenses
728 927 757 978 et
774 915 948 996 Segobii⁹⁶)‚
974 937 1010 978 ex
1026 919 1133 996 quibus
1148 920 1191 981 illi
1213 923 1290 982 inter

170 1023 287 1083 Diniam
318 1019 436 1100 (Dione)
466 1027 497 1080 et
525 1022 670 1082 civitatem
701 1019 896 1080 Saliniensem
926 1020 1124 1100 (Castellum)
1153 1022 1290 1083 videntur

169 1125 275 1190 luisse,
299 1123 340 1192 hi,
364 1124 467 1200 quiin
491 1121 603 1183 celebri
624 1141 712 1184 arcus
735 1121 891 1200 Segusiani
918 1125 1112 1202 inscriptione
1134 1126 1288 1184 nominan-

146 1220 280 1299 'tur⁹⁷),
311 1227 342 1284 in
364 1225 467 1285 Gottiis
495 1223 616 1302 Alpibus
639 1222 819 1284 babitabant.
865 1223 946 1294 Quae
973 1230 1093 1301 gentes,
1123 1243 1189 1285 eum
1217 1227 1288 1286 item

168 1326 399 1386 Massiliensium
421 1344 560 1387 nummos
581 1328 622 1386 ita
643 1326 849 1394 imitarentur,
874 1333 907 1386 ut
929 1344 1031 1387 eorum
1055 1326 1147 1403 signis
1170 1333 1198 1387 et
1213 1346 1287 1406 pon·

167 1427 236 1487 deri
264 1447 317 1488 sua
346 1429 466 1504 nomina
494 1427 658 1494 adicerent,
692 1434 805 1494 tamen,
841 1445 908 1486 cum
937 1428 1115 1488 remotiores
1138 1447 1153 1486 a
1176 1427 1287 1489 Graeca

166 1528 245 1589 urbe
261 1537 377 1598 essent,
393 1528 473 1589 nulla
488 1530 545 1588 nisi
561 1529 733 1588 commercii
748 1529 862 1588 ratione
877 1534 1015 1606 poterant
1036 1529 1063 1587 ei
1079 1546 1144 1587 esse
1158 1529 1285 1588 iunctae.
1300 1525 1302 1529 ’
1361 1567 1366 1578 ·

166 1630 283 1692 Deinde
300 1632 441 1707 quoniam
465 1629 610 1690 eiusmodi
626 1631 740 1690 nummi
764 1629 852 1688 bodie
870 1648 988 1708 quoque
1010 1631 1096 1690 etiam
1120 1638 1202 1690 extra
1219 1629 1285 1690 Gal-

164 1731 226 1792 liae
241 1731 443 1794 meridionalis
458 1732 533 1792 fines
549 1733 754 1810 reperiuntur,
777 1749 831 1810 per
846 1730 982 1792 Rhodani
999 1749 1130 1799 cursum,
1153 1749 1208 1809 per
1227 1730 1284 1791 ral-

164 1833 213 1893 les
234 1833 355 1912 Alpinas
379 1851 473 1914 usquo
495 1833 532 1900 ad
560 1835 714 1910 regionem
737 1832 958 1900 Tridentinam,
987 1834 1017 1891 in
1046 1831 1128 1892 ltalia
1157 1831 1285 1910 denique

163 1935 332 1996 secundum
355 1935 427 1997 Padi
449 1931 587 2014 ripas98),
614 1941 718 1995 notant
740 1941 874 1994 veterum
897 1941 1096 1994 mercatorum
1119 1933 1285 1993 Massilien-

163 2039 245 2098 sium
266 2039 374 2097 itinera
397 2056 432 2104 eo
460 2035 716 2104 memorabiliora,
745 2037 813 2116 quia
842 2033 1022 2112 singularem
1051 2034 1197 2112 quendam
1225 2042 1306 2098 trar

162 2147 248 2200 ctum
271 2145 447 2218 sequuntur.
492 2138 564 2199 Cum
588 2140 665 2198 enim
690 2138 911 2213 antiquissimae
933 2137 970 2196 de
993 2135 1100 2214 quibus
1122 2138 1283 2196 memoriae

162 2240 307 2301 traditum
336 2247 381 2300 est
409 2247 608 2300 mercatorum
636 2241 699 2300 viae
728 2257 787 2298 non
817 2238 853 2298 ab
882 2238 1034 2298 occidente
1062 2237 1097 2297 ad
1127 2240 1281 2306 orientem,

161 2341 219 2401 sed
242 2360 258 2400 a
280 2342 405 2402 meridie
429 2343 491 2402 sive
514 2341 550 2401 ab
579 2359 631 2401 ora
660 2343 750 2400 maris
779 2341 890 2400 interni
917 2341 1151 2418 septentrionem
1179 2357 1283 2400 versus

161 2443 203 2504 ad
226 2462 309 2504 oram
331 2445 400 2506 lreti
422 2441 526 2503 Gallici
548 2445 697 2521 marisque
721 2443 890 2502 Germanici
918 2441 1077 2511 ducerent,
1106 2441 1137 2501 bi
1159 2441 1282 2504 Massilia

161 2545 283 2606 ensium
305 2546 420 2606 nummi
442 2546 596 2611 orientem¹
612 2561 716 2614 versus
739 2545 855 2612 lerunt,
879 2549 911 2602 ut
934 2543 1047 2612 videas,
1071 2545 1184 2621 primos
1206 2532 1281 2604 Mas·

160 2645 301 2707 silionses
323 2645 402 2725 quod
426 2646 555 2706 medium
579 2647 706 2706 interest
720 2645 799 2704 inter
814 2645 907 2705 maria
922 2644 1111 2724 Tyrrhenum
1135 2652 1164 2703 et
1178 2645 1279 2704 Adria·

160 2750 266 2816 ticum,
282 2748 442 2818 ,mercandi
464 2767 568 2809 caussa
590 2727 811 2827 perquisivisse.

249 2849 445 2911 Reveniamus
467 2858 566 2911 autem
588 2850 624 2909 ad
653 2855 756 2927 gentes
783 2847 849 2908 illas
875 2848 906 2906 in
933 2849 997 2926 ipsa
1020 2847 1112 2908 Gallia
1140 2846 1279 2908 meridio-

158 2951 223 3012 nali
252 2951 440 3012 considentes
469 2958 556 3030 atque
586 2951 737 3013 videamus
770 2950 845 3018 iam,
874 2950 925 3026 qui
955 2966 1058 3008 eorum
1087 2949 1178 3008 luerit
1205 2949 1280 3008 ritae

158 3052 275 3122 cultus,
305 3071 381 3132 quae
410 3053 504 3112 civilia
532 3054 680 3122 instituta,
711 3069 786 3131 quae
814 3049 963 3127 gerendae
989 3049 1171 3127 reipublicae
1194 3051 1276 3109 ratio.

159 3155 265 3233 Neque
294 3155 402 3215 desunt
429 3154 515 3214 nobis
538 3161 670 3215 veterum
695 3155 874 3232 scriptorum
903 3151 1062 3212 relationes
1087 3151 1123 3210 de
1146 3150 1279 3211 moribus

158 3254 324 3325 Gallorum,
349 3263 436 3334 atque
452 3273 527 3333 quae
543 3256 728 3324 Posidonius,
753 3255 861 3313 citatus
876 3272 891 3312 a
908 3253 1055 3313 Strabone
1071 3260 1101 3312 et
1114 3251 1276 3321 Athenaeo,

159 3357 256 3418 lulius
278 3357 401 3426 Caesar,
425 3357 572 3419 Diodorus
595 3356 727 3425 Siculus,
758 3354 864 3416 Strabo
888 3355 924 3414 de
947 3354 1001 3416 hac
1023 3373 1057 3414 re
1080 3353 1165 3414 nobis
1187 3352 1276 3414 tradi·

157 3460 279 3528 derunt,
302 3461 349 3528 iis,
374 3459 424 3537 qui
446 3467 547 3519 nostra
571 3465 667 3519 aetate
689 3456 842 3518 Gallorum
864 3453 958 3536 resil)
982 3457 1182 3534 scripserunt,
1207 3457 1278 3516 satis

156 3559 288 3640 amplam
321 3561 477 3621 materiem
511 3559 717 3638 praebuerunt
750 3558 786 3619 ad
820 3558 1025 3619 delineandam
1058 3556 1146 3618 huius
1179 3559 1277 3635 gentis

155 3663 318 3738 imaginem
341 3662 412 3722 satis
435 3661 619 3740 explicatam.
652 3661 722 3732 -Qui
742 3676 818 3738 quae
841 3658 877 3719 de
901 3660 1033 3720 omnium
1056 3657 1208 3720 Gallorum
1229 3660 1275 3720 in·

228 3796 272 3860 96)
291 3797 334 3846 De
352 3797 381 3846 la
393 3797 486 3847 Sauss.
506 3813 532 3862 p.
547 3798 596 3846 114
613 3795 650 3861 pl.
664 3796 738 3848 XIV.
763 3793 1013 3859 (Rigomagenses).
1043 3811 1068 3860 p.
1083 3796 1130 3844 121
1150 3795 1188 3860 pl.
1202 3792 1275 3847 XIV.

155 3880 306 3948 (Segobii).

226 3966 269 4025 97)
288 3966 397 4016 Notitia
410 3967 532 4031 provinc.
547 3964 620 4015 Gall.
635 3964 717 4028 (Dom
729 3964 865 4030 Bouquet‚
878 3965 941 4015 Rer.
957 3963 1029 4014 Gall.
1043 3964 1138 4028 script.
1150 3961 1172 4014 Ι.
1185 3979 1211 4028 p.
1227 3963 1274 4011 122

152 4051 267 4112 -1241,
285 4051 334 4101 ubi
353 4051 456 4100 civitas
478 4050 721 4114 Rigomagensium
741 4052 904 4099 recensetur
924 4049 997 4098 inter
1019 4049 1131 4097 Diniam
1149 4050 1177 4096 et
1194 4045 1274 4096 Solli-

153 4135 232 4184 niam
249 4135 308 4184 sive
328 4134 471 4185 Saliniam.
490 4161 524 4170 -
544 4131 633 4184 Orelli
651 4135 713 4183 626.
734 4194 736 4196 ¹

224 4219 267 4283 98)
286 4220 453 4282 Mommsen,
472 4218 573 4268 Gesch.
592 4218 640 4268 des
658 4233 742 4269 roem.
761 4217 951 4267 Miinzwesens
968 4233 994 4282 p.
1014 4218 1062 4266 397
1080 4230 1121 4278 sq.

223 4304 269 4367 99)
287 4303 347 4354 Cir.
367 4304 484 4368 Thierry
501 4306 531 4364 2,
550 4304 581 4352 51
596 4317 654 4367 sqq.
685 4301 792 4352 Uckert
804 4304 845 4362 22,
859 4303 907 4350 211
921 4315 980 4364 sqq.
1005 4301 1165 4361 Mommsen,
1178 4299 1272 4352 Roem.

152 4386 256 4438 Gesclr.
276 4391 299 4452 1,
318 4389 464 4438 298-300.
491 4391 521 4450 3,
538 4389 587 4437 212
608 4402 666 4452 sqq.
