3148 5160
560 448 642 504 raas
663 447 692 506 n.
737 448 841 504 ulrvr
864 448 892 503 n.
1218 449 1279 512 219
1350 423 1354 428 ’

161 637 220 678 non
244 617 300 678 alia
324 618 398 676 ratio
421 616 463 676 ibi
487 624 532 677 est
559 616 751 695 supponenda
780 631 866 696 quam
892 619 1028 696 reipsa,
1058 624 1090 676 ut
1118 623 1197 676 esset
1226 616 1278 676 ali-

161 719 241 800 quod
264 720 435 788 discrimen,
460 738 519 779 non
543 721 596 788 rei,
622 719 673 778 sed
697 721 840 788 nominis;
865 738 992 799 namque
1016 726 1048 779 ut
1065 717 1152 778 modo
1175 717 1277 777 docui·
1358 736 1360 740 ’

160 841 241 890 mus,
267 823 462 900 quattuorviri
485 841 602 902 quoque
624 818 795 882 Latinorum
818 840 921 882 revera
945 826 1029 881 erant
1057 820 1218 888 duumviri,
1250 825 1279 878 et

160 924 388 1002 Hispanicorum
418 925 648 1002 municipiorum
670 923 842 984 Latinorum
871 925 979 984 summi
1006 924 1196 1002 magistratus
1224 940 1277 982 no·

160 1025 350 1086 minabantur
378 1025 534 1086 duumviri.
586 1026 670 1098 Quod
701 1043 772 1085 vero
800 1026 931 1086 Viennae
961 1025 1156 1104 quattuorviri
1194 1030 1278 1083 erant

161 1128 249 1188 etiam
272 1135 341 1207 post
363 1126 500 1187 donatam
524 1129 680 1197 civitatem,
703 1147 759 1206 pro
783 1133 958 1205 argumento
979 1129 1074 1206 possit
1096 1144 1177 1194 esse,
1201 1124 1278 1184 hanc

161 1227 306 1290 coloniam
331 1248 365 1288 eo
389 1248 481 1299 anno,
509 1249 566 1308 quo
589 1228 626 1289 ab
648 1230 781 1307 Augusto
803 1236 975 1308 praetorum
998 1247 1106 1290 nomen
1128 1227 1276 1289 sublatum

161 1337 219 1398 est,
245 1333 393 1391 civitatem
417 1331 549 1392 nondum
571 1331 721 1391 habuisse.

245 1432 358 1493 Deinde
381 1441 501 1512 praeter
524 1439 710 1513 quaestores,
741 1433 869 1502 aedileS,
899 1433 1070 1493 duumviros
1098 1449 1277 1493 commemo-

159 1541 263 1594 rantur
285 1535 519 1614 quinquennales
541 1534 680 1596 Narbone
708 1543 737 1594 et
759 1535 888 1618 Arelate,
917 1537 1060 1615 praelecti
1088 1554 1145 1614 pro
1173 1535 1283 1618 duum--

161 1636 222 1694 viro
252 1635 401 1696 Narbone.
417 1633 465 1716 149)
515 1637 557 1696 Ex
588 1636 695 1715 quibus
727 1638 872 1716 praelecti
905 1656 965 1698 non
993 1645 1060 1697 sunt
1088 1638 1278 1713 magistratus

160 1735 318 1807 ordinarii,
343 1737 395 1798 sod
418 1738 470 1798 ubi
493 1758 528 1798 ex
552 1757 726 1818 quacunque
755 1756 860 1799 caussa
882 1741 990 1798 sommi
1012 1741 1200 1816 magistratus
1222 1739 1277 1797 im·

157 1838 252 1916 pediti
274 1846 351 1908 sunt,
366 1859 434 1920 ¹quo
458 1843 555 1901 minus
577 1841 674 1901 officio
697 1841 872 1918 longantur,
901 1840 932 1898 bi
954 1841 1121 1919 praelectus
1143 1838 1210 1900 illos
1231 1841 1276 1899 in·

158 1941 301 2011 stituunt,
331 1944 380 2021 qui
408 1960 459 2002 aua
491 1943 552 2016 vice
580 1944 755 2021 iungantur,
785 1942 873 2020 idque
896 1944 1062 2002 institutum
1086 1943 1116 1999 in
1139 1940 1277 2000 omnibus

157 2043 310 2103 invenitur
337 2046 456 2123 imperii
488 2044 624 2124 partibus
658 2052 687 2105 et
721 2044 830 2124 ubique
859 2049 922 2104 erat
949 2043 1166 2110 necessarium;
1196 2041 1276 2120 quod

157 2150 257 2204 autem
281 2144 420 2206 Narbone
442 2154 555 2207 tanturn
579 2147 724 2208 eiusmodi
746 2147 965 2226 praefectorum
993 2143 1137 2204 babemus
1166 2143 1275 2212 titulos,

157 2264 268 2326 eosque
291 2266 350 2308 non
375 2245 529 2328 raros150),
560 2250 667 2309 mirum
691 2249 809 2328 quidem
833 2253 890 2316 est,
920 2247 972 2308 sed
995 2247 1118 2307 fortuito
1141 2263 1211 2306 casu
1234 2247 1275 2305 vi-

157 2347 245 2409 detur
267 2367 332 2409 esse
356 2351 473 2410 lactum.
513 2351 622 2411 Contra
637 2350 881 2431 quinquennales
906 2368 979 2429 qnos
1001 2349 1120 2410 nonnisi
1137 2347 1276 2409 Narbone

157 2455 187 2509 et
208 2448 327 2511 Arelate
349 2450 503 2522 babemus,
527 2453 653 2513 lortasse
676 2455 822 2513 innostra
844 2453 995 2531 provincia
1010 2451 1176 2530 peculiares
1193 2457 1275 2511 erant

156 2551 282 2612 coloniis
305 2554 411 2613 civium
434 2553 645 2615 Romanorum.
690 2555 782 2615 Erant
805 2561 902 2614 autem
925 2554 1168 2633 quinquennales,
1193 2561 1225 2614 ut
1248 2561 1276 2613 et

155 2653 260 2715 titulus
282 2654 392 2715 indicat
415 2657 566 2739 duumuiri
586 2656 813 2736 quinquennalis
837 2656 876 2735 (n.
894 2656 955 2736 20),
980 2662 1009 2714 et
1032 2655 1150 2716 aliunde
1174 2656 1274 2733 cognin

154 2763 219 2816 tum
243 2761 297 2825 est,
323 2775 381 2816 non
404 2757 513 2818 diversi
536 2758 739 2828 aduumviris,
764 2759 816 2819 sed
840 2759 940 2836 quinto
962 2775 1080 2836 quoque
1096 2775 1183 2826 anno,
1208 2776 1275 2818 curn

75 2925 78 2930 ,
155 2875 278 2918 censum
303 2858 511 2937 municipalem
536 2866 658 2938 agerent
681 2859 829 2920 duumviri
856 2860 914 2918 iuri
936 2857 1079 2927 dicundo,
1109 2857 1166 2917 boc
1189 2859 1273 2936 quin·

154 2959 350 3038 quennalium
372 2961 457 3020 titulo
487 2961 729 3040 appellabantur,
758 2959 886 3038 ideoque
915 2958 1172 3037 quinquennalitas
1199 2956 1273 3017 nihil
1344 2987 1346 2992 >

154 3061 235 3122 aliud
259 3068 323 3122 erat
346 3064 403 3122 nisi
426 3081 570 3123 censurae
593 3081 702 3142 munus
724 3063 854 3122 iunctum
879 3061 1084 3121 duumviratui.

153 3350 342 3414 quattuorviri
359 3335 389 3399 in
408 3350 523 3400 coloniis
535 3351 644 3400 Latinis
660 3351 807 3414 Nemanso,
826 3350 976 3416 Avenione,
996 3347 1166 3412 Cabellione,
1185 3348 1272 3408 Reiia,

150 3435 237 3499 Apta.
280 3434 368 3495 Quem
395 3435 531 3485 Foroiulii
558 3436 690 3486 habemus
718 3436 937 3502 quattuorvirum
961 3449 1023 3500 app.
1047 3449 1073 3484 n.
1097 3436 1159 3490 294,
1184 3433 1272 3484 tribua

152 3518 272 3584 Scaptia
291 3519 325 3568 ad
345 3519 420 3569 aliud
438 3519 567 3584 oppidum
585 3520 702 3585 relegat.
738 3521 808 3570 Item
826 3521 857 3569 L.
876 3519 978 3569 Allium
996 3517 1073 3584 (app.
1092 3535 1118 3568 n.
1137 3517 1207 3582 384),
1227 3520 1273 3583 qui

151 3603 257 3653 dicitur
276 3618 338 3654 esse
356 3604 448 3666 Hvir‚
473 3621 505 3654 ex
523 3605 608 3668 Aquis
627 3605 743 3670 Sextiis,
767 3605 815 3654 ubi
837 3609 961 3674 repertus
986 3607 1029 3654 est
1051 3603 1162 3666 titulus,
1185 3603 1272 3654 tribua

149 3688 268 3752 Papiria
290 3688 447 3738 Narbonem
474 3690 603 3752 remittit3
633 3690 680 3754 qui
706 3705 771 3740 vero
793 3689 861 3739 item
882 3691 911 3739 in
934 3689 1057 3754 Aquensi
1078 3703 1170 3738 museo
1195 3692 1272 3738 extat

149 3772 314 3838 praefectus
332 3789 381 3838 pro
399 3772 541 3823 duumviro
561 3772 602 3838 (n.
622 3771 702 3837 367),
730 3774 853 3824 incertae
878 3779 921 3838 est
942 3768 1067 3840 originis,
1094 3778 1122 3824 et
1138 3776 1169 3822 ut
1185 3773 1272 3823 multa

150 3857 211 3906 alia
231 3855 357 3921 aliunde,
376 3857 496 3907 fortasse
516 3858 551 3907 ab
571 3858 696 3922 Arelate,
717 3859 744 3907 in
763 3857 830 3908 illud
849 3874 972 3908 museum
990 3861 1100 3922 poterat
1117 3857 1269 3908 transferri.

147 3942 283 4004 Denique
302 3941 474 3992 duumvirum
486 3942 706 4008 Antipolitanum
725 3943 801 3993 tituli
820 3958 846 3992 u.
859 3945 909 3994 310
926 3943 1012 3995 licere
1025 3946 1131 3994 mutare
1148 3944 1177 3991 in
1191 3945 1271 4005 quat·

148 4026 313 4086 tuorvirum,
333 4025 367 4074 nd
386 4026 459 4076 hunc
476 4028 587 4077 titulum
605 4029 771 4079 notavimus.

222 4127 285 4189 149)
306 4126 387 4177 Mitto
409 4127 454 4177 hie
479 4143 587 4193 quoque
610 4131 781 4194 praefectum
806 4145 854 4195 pro
878 4129 1021 4180 duumviro
1045 4131 1082 4190 (n.
1102 4127 1162 4192 367)
1181 4131 1270 4178 musei

145 4211 303 4277 Aquensis,
321 4216 352 4260 ut
370 4213 415 4276 qui
434 4214 559 4264 incertae
578 4215 694 4280 originis
712 4215 757 4264 sit.

220 4311 280 4376 150)
304 4313 379 4363 Inter
400 4315 528 4364 undecim
551 4319 761 4380 magistratuum
782 4313 1002 4367 Narbonensium
1028 4313 1125 4365 titulos
1148 4315 1268 4379 quinque

145 4399 216 4450 sunt
232 4395 373 4462 praefecti
389 4414 437 4463 pro
455 4398 604 4450 duumviro⁸
