3184 5162
1211 483 1261 529 Vll

137 640 224 704 libro
249 639 331 704 haee
353 638 509 704 habemus
532 658 616 724 quae
638 636 700 701 hoe
721 636 791 700 loeo
806 637 1067 722 praemittamus:
1092 635 1262 722 dispositio

138 741 215 805 libri
236 741 308 825 ipso
324 739 411 825 quod
438 739 646 825 exposuimus
662 724 795 803 oonsilio
811 759 850 802 ea
865 746 935 802 erat
948 737 1101 817 indicata,
1124 747 1161 801 ut
1174 737 1264 823 prior

139 842 380 909 dissertationis
397 863 474 926 pars
491 849 678 904 versaretur
695 840 728 903 in
743 838 957 903 describenda
977 837 1114 902 historia
1133 840 1262 924 provin-

139 944 209 1008 ciae
221 966 242 1007 a
252 944 366 1030 primis
379 941 778 1008 dominationisltomanae
791 942 892 1006 initiis
906 940 1060 1025 usquead
1072 940 1106 1004 id
1122 948 1259 1025 tempus,

140 1065 203 1129 quo
227 1066 311 1130 quae
332 1045 417 1108 inter
439 1044 643 1130 Pyrenaeum
666 1052 697 1107 et
718 1042 837 1126 Alpes,
860 1052 1001 1106 montem
1020 1041 1208 1106 Cebennam
1230 1051 1262 1104 et

141 1148 247 1212 sinum
270 1145 433 1210 Gallicum
451 1137 612 1210 intererat
640 1146 745 1229 regio,
776 1143 872 1208 desiit
901 1166 972 1208 esse
1000 1166 1066 1207 una
1094 1144 1264 1228 provincia

141 1249 211 1313 sive
238 1269 342 1332 usque
370 1248 412 1312 ad
443 1255 582 1312 aetatem
612 1246 825 1328 Diocletiani,
855 1268 932 1331 pars
960 1247 1121 1332 posterior
1148 1246 1182 1309 in
1210 1244 1264 1309 de-

143 1347 322 1413 scribendis
344 1349 501 1413 institutis
524 1347 790 1434 provincialibus.
831 1346 914 1411 Cum
929 1369 1006 1412 vero
1029 1347 1178 1411 instituta
1191 1367 1263 1431 pro-

142 1448 296 1514 vincialia
324 1471 367 1513 ex
395 1471 432 1514 eo
462 1457 588 1514 tantum
616 1458 762 1535 tempore
792 1449 925 1514 uberius
958 1451 1084 1534 possint
1112 1447 1263 1527 describi,

143 1574 184 1616 ex
206 1572 272 1636 quo
293 1561 503 1616 monumenta
526 1560 640 1616 extant
660 1552 832 1636 inscripta,
862 1553 931 1614 sive
959 1573 1002 1614 ex
1029 1557 1136 1614 aetate
1162 1551 1263 1634 impe-

143 1654 279 1734 ratoria,
309 1649 485 1738 superioris
514 1654 667 1738 temporis
689 1654 913 1716 institutorum
935 1653 1171 1737 expositionem
1193 1651 1264 1715 bre-

142 1757 266 1819 viorem
300 1753 595 1820 commodissimum
632 1755 847 1820 iudicavimus
880 1755 927 1818 ita
962 1755 1143 1817 immiscere
1178 1755 1264 1838 parti

142 1855 332 1936 historicae,
363 1863 401 1918 ut
423 1854 552 1939 singula
578 1857 695 1940 prioris
718 1857 821 1939 partis
844 1856 952 1941 capita
974 1854 1140 1919 clauderet
1157 1857 1264 1938 imago

143 1966 247 2020 status
269 1957 469 2042 provinciae,
492 1956 597 2043 qualis
615 1978 743 2041 quoque
765 1966 909 2041 tempore
932 1966 1010 2033 erat,
1033 1956 1119 2018 unde
1140 1955 1265 2020 facturn

144 2069 204 2138 est,
227 2067 264 2121 ut
291 2079 367 2143 pars
390 2060 551 2142 posterior
580 2066 651 2122 tota
680 2057 918 2142 relinqueretur
945 2056 1101 2120 institutis
1130 2060 1264 2121 munici-

145 2159 275 2243 palibus
298 2167 331 2222 et
352 2158 623 2244 provincialibus,
653 2159 770 2244 quibus
798 2159 874 2223 inde
902 2181 921 2222 a
943 2157 1027 2222 Iulio
1051 2149 1264 2222 Caesareus

143 2281 206 2345 que
228 2262 267 2324 ad
282 2260 526 2324 Diocletianum
541 2260 768 2324 administrata
790 2268 840 2323 est
853 2260 934 2323 haec
955 2259 1134 2343 provincia.
1167 2257 1265 2324 Prae-

145 2371 234 2428 terea
256 2360 301 2426 ad
322 2362 492 2427 historiam
513 2363 701 2446 provinciae
723 2361 811 2447 quod
833 2363 964 2441 attinet,
986 2361 1090 2446 ipsius
1112 2360 1159 2424 rei
1182 2364 1263 2426 ratic

145 2463 318 2527 videbatur
340 2463 498 2548 flagitare,
522 2472 559 2525 ut
581 2486 643 2548 quo
666 2462 861 2528 luculentior
883 2472 969 2526 esset
990 2461 1155 2528 Romanae
1178 2472 1265 2528 aeta·

145 2566 187 2628 tis
210 2564 386 2650 descriptio
409 2565 510 2628 initiis
534 2565 720 2648 provinciae
735 2563 901 2629 Romanae
917 2565 1179 2650 praemitteretur
1193 2587 1264 2651 pro-

73 2709 77 2712 ·
148 2667 286 2730 oemium
309 2687 410 2750 agens
433 2666 474 2730 de
496 2666 593 2729 rebus
615 2668 649 2730 in
665 2666 774 2731 Gallia
790 2665 995 2730 meridionali
1017 2670 1059 2731 ab
1082 2670 1265 2754 antiquissi-

147 2770 204 2832 mis
227 2767 429 2852 temporibus
457 2785 560 2852 usque
588 2767 631 2831 ad
652 2768 872 2832 Romanorum
899 2768 1076 2832 adventum
1089 2771 1201 2853 gestis
1223 2769 1266 2834 ad

147 2891 284 2955 eumque
306 2867 404 2932 fi‘nern
426 2889 491 2932 non
514 2867 617 2932 solum
640 2891 682 2934 ex
704 2891 811 2932 rerum
830 2870 1016 2932 auctoribus
1040 2870 1096 2934 sed
1119 2893 1161 2934 ex
1174 2893 1265 2935 num·

146 2971 205 3034 mis
228 2991 358 3058 quoque
380 2969 638 3050 desumerentur,
661 2991 871 3056 quaecunque
889 2979 1023 3055 possent
1045 2993 1115 3036 esse
1136 2995 1195 3057 pro
1211 2973 1266 3036 do-

146 3073 316 3138 sumentis.
326 3071 352 3157 ¹)
398 3071 626 3136 institutorum
648 3072 765 3138 deinde
785 3071 1011 3156 descriptionis
1033 3074 1175 3137 maxima
1196 3076 1265 3159 qui·

147 3174 219 3238 dem
240 3196 318 3259 pars
340 3174 464 3237 hauriri
485 3174 592 3258 potuit
614 3195 656 3236 ex
669 3173 937 3256 inscriptionibus
958 3175 1086 3254 nostris,
1109 3184 1142 3239 et
1162 3177 1265 3238 muni-

147 3275 260 3360 cipalis
283 3273 432 3360 inprimis
459 3296 511 3337 res
542 3275 715 3339 admodum
746 3272 900 3358 explicita
921 3270 961 3339 iis
981 3277 1183 3360 continetur3
1211 3299 1265 3340 ne·

147 3399 208 3462 que
236 3386 346 3442 tamen
375 3375 566 3456 defuerunt,
601 3398 684 3462 quae
716 3383 753 3439 ut
785 3375 882 3459 plena
909 3378 1054 3442 eveniret
1080 3375 1264 3462 descriptio,

148 3478 278 3545 aliunde
294 3487 403 3542 essent
418 3476 610 3562 repetenda:
634 3477 811 3560 inquibus
835 3479 862 3540 si
877 3488 1035 3562 quantum
1057 3478 1128 3541 fieri
1149 3483 1264 3564 potuit,

148 3579 348 3644 Orellianam
368 3580 570 3662 potissimum
600 3578 822 3643 collectionem
848 3579 1095 3664 inscriptionum
1123 3583 1266 3666 respexi·

148 3702 219 3744 mus
242 3681 285 3744 ab
307 3679 464 3744 Henneno
486 3671 627 3743 maxime
647 3688 776 3744 auctam
799 3689 831 3744 et
846 3679 1091 3764 diligentissime
1113 3691 1267 3746 retracta·

149 3790 230 3864 tam,
260 3789 293 3844 et
314 3780 449 3866 lecturis
473 3781 509 3845 id
532 3781 824 3846 commodissimum
851 3781 920 3845 fors
942 3784 1126 3848 censuimus
1149 3795 1182 3848 et
1202 3785 1266 3870 ipsi

150 3885 196 3948 rei
229 3881 488 3963 suffecturum.²)
539 3881 614 3964 Qua
645 3886 678 3946 in
715 3891 808 3967 parte
840 3905 904 3946 non
943 3883 1030 3966 fugit
1067 3875 1126 3949 nds
1159 3887 1265 3949 inesse

153 4054 265 4065 *a-
280 4058 303 4063 .-
357 4057 408 4062 --.-
424 4055 454 4061 ...-

218 4158 244 4224 l)
267 4159 442 4210 Nummorum
468 4156 627 4221 provinciae
650 4156 838 4208 Narbonensis
870 4156 1063 4209 collectionem
1089 4158 1265 4210 utilissimam

153 4243 274 4292 confecit
299 4243 342 4293 De
365 4241 393 4291 la
417 4241 569 4304 Saussaye,
597 4241 815 4306 Numismatique
842 4242 875 4292 de
903 4241 931 4291 la
954 4241 1043 4293 Gaule
1065 4243 1266 4293 Narbonnaise.

153 4325 231 4376 Paris
250 4329 277 4375 et
295 4325 371 4376 Blois
390 4328 463 4377 1842.

219 4410 245 4474 2)
269 4411 394 4462 Tertium
419 4409 554 4460 Orelliani
576 4378 668 4476 operis
691 4411 818 4462 volumen
840 4409 876 4459 ab
895 4411 1027 4461 Henaenu
1051 4411 1207 4464 conlectum
1225 4414 1267 4463 ita
