3148 5160
315 490 377 552 256
708 485 790 544 PARS
812 486 843 542 11.
887 485 994 541 CAPVl'
1017 485 1059 540 lll.

315 661 344 714 et
367 655 428 714 bnt
452 654 589 731 Augusti,
614 669 689 730 quae
712 660 775 712 erat
797 651 833 712 ad
856 649 1040 712 confluentes
1062 652 1160 712 Araris
1188 659 1218 710 et
1239 649 1431 730 llbodani⁴⁶),

315 773 350 814 ex
384 755 522 834 Hispania
557 755 696 815 citeriore
725 753 924 813 Tarraconem
938 749 974 830 ⁴⁷)
1009 754 1182 812 convenisse
1215 754 1251 814 ad
1285 753 1431 832 templum

313 857 436 934 Augusti
459 856 558 934 ibique
587 855 686 916 habito
714 853 840 916 concilio
868 855 1035 914 nominasse
1062 872 1168 924 unum,
1198 855 1249 932 qui
1277 854 1432 916 dicebatur

314 957 420 1018 llamen
443 959 614 1036 provinciae
636 958 710 1026 sive,
735 956 814 1035 quod
837 957 973 1035 superior
995 961 1058 1015 erat
1073 955 1210 1016 omnibus
1232 956 1355 1035 reliquis
1377 957 1430 1018 lla·

314 1059 460 1128 minibus,
484 1058 592 1120 llamen
614 1060 729 1137 primus
751 1060 935 1138 provinciam
959 1057 1088 1135 indeque
1111 1057 1215 1118 codem
1243 1059 1331 1120 modo
1360 1078 1431 1119 cen-

312 1180 412 1221 semus
428 1162 598 1222 convenisse
613 1159 726 1238 legatos
741 1161 909 1239 provinciae
926 1158 1125 1221 Narbonensis
1141 1162 1230 1220 certis
1244 1161 1432 1240 temporibus

313 1261 481 1323 Narbonem
504 1262 653 1332 llartium,
678 1262 744 1331 ubi,
768 1262 858 1339 idque
881 1260 958 1321 baud
983 1261 1070 1338 dubie
1092 1264 1162 1322 item
1185 1262 1221 1322 ad
1244 1261 1346 1322 aedem
1369 1265 1431 1324 Au-

312 1365 406 1441 gusti,
431 1365 462 1424 C.
487 1364 641 1424 batonium
665 1364 798 1424 videmus
825 1381 890 1424 rem
916 1381 1028 1424 sacram
1057 1363 1154 1424 lacere
1182 1383 1238 1443 pro
1267 1366 1429 1444 provincia,

313 1474 343 1526 et
365 1466 405 1526 ibi
429 1481 548 1544 quoque
571 1465 727 1526 concilium
751 1465 889 1526 babuisse
913 1473 942 1525 et
964 1465 1114 1526 llaminem
1137 1467 1321 1536 nominasse,
1353 1483 1430 1544 quae

313 1569 489 1636 nominatio,
513 1569 537 1626 si
560 1569 697 1628 conterre
724 1567 794 1628 licet
815 1569 948 1628 instituta
975 1569 1193 1647 provinciarum
1222 1569 1360 1636 orientis,
1389 1570 1430 1629 113

250 1668 259 1674 ’
312 1669 428 1730 solebat
455 1670 533 1738 lieri,
563 1679 596 1730 ut
625 1671 675 1747 qui
703 1672 872 1730 nominatus
900 1677 979 1739 erat,
1009 1671 1178 1730 confirmari
1205 1669 1329 1730 deberet
1356 1687 1429 1729 con·

313 1789 402 1832 33333
425 1771 621 1850 proconsulis.
631 1769 668 1849 48)
718 1771 831 1832 Deinde
860 1789 929 1832 cum
957 1771 1092 1832 llamines
1112 1771 1265 1850 Hispanici
1292 1771 1431 1832 dicantur

313 1891 378 1934 esse
402 1874 542 1934 Diuorum
573 1882 602 1935 et
624 1876 824 1952 Augustorum
852 1873 1035 1942 sacerdotes,
1066 1890 1133 1934 cum
1162 1873 1272 1955 ubique
1299 1872 1329 1932 id
1356 1891 1429 1933 con·

312 1974 412 2035 cilium
435 1974 595 2036 haberetur
618 1975 653 2035 ad
675 1974 784 2054 templa
799 1976 938 2051 Augusti,
962 1993 1030 2036 cum
1050 1975 1080 2036 C.
1099 1975 1256 2035 Batonium
1277 1973 1431 2035 videamus

311 2075 369 2136 dici
391 2079 521 2156 primum
550 2075 700 2137 flaminem
723 2079 923 2154 Augustorum
953 2085 983 2136 et
1011 2095 1066 2156 pro
1092 2078 1305 2156 imperatorum
1333 2075 1430 2137 salute

312 2177 509 2238 tauroboliam
538 2178 654 2248 lacere,
683 2179 903 2250 concludimus,
932 2181 1009 2239 sicut
1037 2178 1219 2256 singulorum
1248 2178 1428 2258 oppidorum

310 2278 461 2348 llamines,
484 2281 523 2340 113
547 2278 603 2340 hoc
626 2299 744 2359 quoque
767 2281 931 2341 llaminlum
959 2280 1138 2359 provinciale
1166 2282 1336 2342 institutum.
1361 2300 1429 2342 esse

311 2381 346 2441 ad
370 2379 465 2441 solum
490 2380 601 2442 cultum
623 2382 730 2442 domus
752 2386 899 2460 Augustae
917 2383 1118 2461 liliorumque
1141 2400 1236 2461 eoque
1259 2383 1347 2443 modo
1370 2385 1429 2444 sic·

312 2489 344 2541 ut
367 2481 481 2560 singula
505 2484 621 2562 oppida,
645 2486 683 2545 ita
701 2493 792 2545 totam
812 2486 992 2564 provinciam
1010 2483 1136 2544 sollenui
1153 2485 1241 2545 modo
1257 2485 1427 2546 adstrictam

311 2601 378 2643 esse
399 2586 583 2644 venerationi
606 2593 635 2646 31
656 2588 750 2666 133133
771 2588 961 2666 imperatoris
990 2595 1018 2647 et
1045 2587 1137 2647 totius
1165 2586 1271 2647 domus
1297 2588 1427 2666 impera-

312 2687 413 2746 toriae.
460 2686 582 2757 Quoties
605 2690 797 2749 convcnerint
819 2688 867 2749 illa
891 2687 1022 2757 concilia,
1047 2687 1083 2748 de
1105 2689 1265 2768 provinciis
1288 2689 1427 2750 occiden-

310 2786 417 2847 talibus
450 2806 510 2848 non
544 2796 589 2850 est
617 2789 770 2860 traditum,
806 2791 857 2851 sed
888 2789 957 2851 licet
984 2791 1110 2850 fortasse
1139 2789 1174 2850 ad
1206 2808 1256 2850 eas
1284 2789 1428 2851 adbibere

310 2888 479 2968 exemplum
503 2890 699 2952 conciliorum
723 2893 859 2958 orientis,
883 2909 958 2969 quae
981 2892 1195 2952 conveniebant
1217 2893 1320 2971 quinto
1349 2911 1426 2972 quo-

309 3009 367 3071 que
390 3009 482 3060 anno;
507 2991 585 3052 unde
608 2992 744 3053 concludi
767 2989 923 3072 potest⁴⁹),
946 2993 1081 3054 llamines
1104 3010 1223 3073 333333
1243 2992 1310 3053 11133
1333 2994 1428 3055 luisse

307 3095 337 3153 13
361 3095 596 3171 quinquennium
620 3102 751 3162 creatos3
775 3102 804 3154 at
826 3096 914 3154 etiam
935 3102 1005 3172 post
1018 3103 1135 3172 gestum
1151 3095 1313 3155 llaminium
1330 3096 1428 3174 digni-

310 3202 398 3255 tatem
425 3195 495 3255 lnde
524 3198 658 3256 evenisso
686 3203 861 3278 perpetuam
890 3195 1023 3256 videmus
1057 3215 1093 3256 ex
1123 3196 1156 3268 Q.
1188 3196 1331 3256 Trebellii
1358 3197 1426 3257 Rufi

308 3294 394 3357 titulo
418 3297 457 3375 (3.
475 3297 556 3376 267),
580 3297 679 3358 ubils
702 3297 797 3359 bonor
820 3315 883 3358 um·
901 3316 969 3358 oum
992 3297 1141 3358 consulari
1164 3298 1305 3376 dignitate
1329 3299 1427 3358 omni-

309 3396 364 3458 bus
391 3397 514 3475 reliquis
537 3397 700 3460 honoribus
722 3401 925 3479 praeponitur.

391 3502 428 3561 At
461 3500 506 3560 bis
535 3500 667 3562 conciliis
701 3519 801 3562 nonne
835 3501 909 3562 aliae
939 3519 1058 3580 quoque
1092 3520 1141 3562 res
1175 3500 1427 3582 permittebantur

307 3652 610 3664 *—

374 3757 419 3820 46)
439 3755 566 3808 Boiosieu
582 3756 637 3807 133.
657 3757 703 3806 311.

374 3841 419 3904 41)
438 3840 495 3894 Gir.
513 3841 580 3892 Tac.
599 3856 663 3890 333.
684 3843 707 3904 1,
726 3843 772 3893 78:
793 3843 943 3905 templumut
954 3842 980 3890 in
993 3842 1092 3891 colonia
1108 3839 1296 3890 Tarraconensi
1312 3847 1427 3890 struere·

306 3933 349 3976 tur
366 3928 481 3992 Angusto
496 3926 640 3991 petentibus
656 3926 784 3990 Hispanis
798 3926 948 3990 permissam
969 3927 1102 3990 datumque
1125 3927 1150 3974 in
1172 3939 1255 3975 omnes
1274 3927 1427 3988 3333133133

307 4016 455 4077 3333331133.
491 4011 582 4076 Spart.
601 4011 651 4064 vit.
670 4009 754 4061 Hadr.
775 4025 797 4058 c.
820 4012 863 4059 12:
880 4009 1425 4074 333111333111333313333111131113333

307 4113 369 4147 cone
381 4097 511 4147 hiemavit:
523 4095 655 4144 31133333
666 4095 810 4145 3333331331
822 4095 934 4159 Augusti
949 4095 1074 4157 restituit,
1094 4093 1204 4144 omnibus
1217 4094 1345 4157 Hispanis
1362 4095 1427 4144 Tar-

306 4196 425 4231 raconem
450 4181 476 4228 in
497 4186 641 4229 conveniam
664 4183 776 4243 vocatis,
801 4181 971 4244 delectumque
995 4179 1143 4229 ioculariter
1166 4203 1199 4214 —
1223 4179 1429 4229 obtrectantibus

307 4264 408 4315 Italicis
425 4265 648 4323 vehementissime,
667 4267 760 4314 ceteris
778 4265 919 4328 prudenter
937 4271 962 4314 31
979 4272 1053 4314 33313
1071 4265 1201 4314 consuluit.

374 4350 418 4413 48)
436 4348 494 4401 Cir.
511 4347 685 4412 Marquardt‚
709 4348 819 4398 Handb.
843 4348 892 4398 der
909 4364 991 4401 roem.
1011 4347 1171 4407 3111331133,
1191 4352 1214 4410 1,
1231 4347 1282 4397 eat
1302 4361 1329 4396 n.
1351 4350 1429 4402 1811.

374 4433 418 4496 49)
436 4432 599 4496 Marquardi
615 4427 684 4482 ibid.¹
702 4449 728 4497 p.
748 4434 797 4482 268
815 4447 842 4484 n.
862 4433 937 4485 1851.
