3148 5160
352 433 412 494 teo
514 417 521 424 “
597 395 604 412 “
737 427 821 486 rans
845 429 874 486 u.
916 429 1024 486 clrvr
1045 429 1075 486 n.

351 601 407 661 niis
430 605 514 659 erant
535 601 615 658 cives
636 597 770 682 Romani,
794 613 891 676 neque
913 598 964 675 qui
986 598 1018 656 in
1040 595 1158 676 oppidis
1180 595 1292 657 Latinis
1313 599 1457 674 magistra·

351 709 398 761 tus
420 706 574 778 gesserant
596 698 799 778 municipales,
824 716 859 758 eo
882 700 948 778 ipso
969 700 1017 759 ius
1039 716 1158 778 quoque
1178 697 1326 760 bonorum
1346 701 1377 759 in
1392 698 1458 759 urbe

351 801 611 882 adipiscendorum
633 800 783 862 habuisse.
830 801 915 872 Quod
943 802 1138 880 perspicuum
1161 808 1206 861 est
1228 820 1264 862 ex
1286 800 1397 863 celebri
1416 801 1458 861 illa
1537 791 1538 794 '

351 906 498 974 oratione,
527 923 586 984 qua
613 905 777 982 imperator
799 901 940 964 Claudius
968 905 1000 964 in
1023 911 1128 964 senatu
1149 901 1283 964 Romano
1305 905 1354 964 ius
1375 902 1459 963 hono·

349 1023 418 1068 rum
439 1024 495 1086 per
515 1007 682 1086 provincias
696 1013 892 1086 propagatum
916 1001 1102 1084 defendit.³¹)
1136 1005 1193 1068 Ubi
1212 1007 1238 1065 si
1256 1023 1292 1065 er
1306 1005 1395 1084 longo
1408 1007 1460 1066 iam

351 1118 485 1188 ternpore
508 1109 720 1170 Viennensium
748 1106 894 1170 coloniam
922 1106 1161 1169 Claudius·dicit
1187 1113 1341 1168 senatores
1370 1108 1460 1168 curiae

325 1227 326 1232 ¹
351 1211 501 1275 Romanae
524 1207 716 1289 conferres),
729 1217 872 1290 apparet,
897 1227 956 1270 non
979 1209 1016 1270 ab
1038 1210 1132 1279 initio,
1156 1208 1209 1269 sed
1232 1227 1268 1272 ex
1289 1215 1373 1270 certo
1395 1227 1459 1288 quo·

351 1313 418 1373 dam
441 1320 577 1391 tompore
600 1329 636 1372 ex
658 1311 714 1372 hac
736 1311 852 1372 colonia
868 1317 1021 1372 senatores
1036 1310 1192 1390 prodiisse.
1231 1312 1309 1373 Num
1326 1330 1395 1372 vero
1410 1330 1460 1371 unc

351 1413 449 1494 aliquo
472 1421 592 1475 senatus
615 1412 750 1475 consulto
773 1413 803 1473 id
825 1414 872 1473 lus
896 1413 956 1474 sive
978 1413 1109 1474 Viennae
1137 1415 1197 1474 sive
1226 1416 1278 1474 toti
1299 1415 1461 1494 provinciae

352 1515 452 1577 datum
475 1517 527 1586 sit,
558 1514 681 1576 dubium
705 1523 763 1584 est:
792 1516 888 1594 potuit
918 1515 1018 1594 utique
1044 1515 1107 1576 dari
1128 1533 1188 1576 uno
1210 1522 1347 1596 tompore
1369 1515 1461 1577 eadem

351 1619 479 1687 ratione,
509 1635 568 1697 qua
596 1635 632 1676 ex
659 1619 723 1696 ipsa
751 1614 800 1677 ille
828 1616 972 1696 principis
1001 1619 1134 1679 oratione
1156 1617 1264 1680 Aeduis
1288 1625 1332 1678 est
1355 1618 1460 1685 datum;

352 1725 382 1780 at
403 1721 429 1780 si
451 1718 529 1799 quod
558 1717 703 1779 eiusmodi
733 1717 1024 1780 senatusconsultum
1052 1721 1083 1779 in
1110 1721 1241 1780 levorem
1268 1719 1470 1781 Narbonensis

350 1821 522 1901 provinciae
545 1821 707 1892 extitisset,
738 1839 837 1882 nonne
859 1823 1022 1899 imperator
1044 1821 1156 1882 diserte
1178 1823 1243 1882 eius
1264 1823 1462 1884 auctoritatem

352 1921 529 2003 appellasset
551 1939 649 2001 neque
672 1925 743 1984 satis
771 1921 925 1984 habuisset
951 1920 1138 2000 singulorum
1160 1922 1315 1984 hominum
1339 1923 1463 2002 exempla

351 2023 505 2086 attulisse?
550 2024 629 2103 Ergo
652 2025 729 2085 sicut
749 2024 834 2086 Balbi
856 2041 892 2084 ex
915 2023 1056 2103 Hispania
1083 2043 1143 2086 non
1170 2043 1204 2085 ex
1229 2024 1328 2105 aliquo
1353 2031 1462 2088 senatus

352 2125 496 2197 consulto,
522 2125 574 2186 sed
601 2128 772 2206 principum
793 2126 996 2187 Romanorum
1023 2128 1117 2204 gratia
1144 2128 1175 2186 in
1204 2136 1341 2190 senatum
1367 2145 1462 2209 perre-

311 2293 313 2298 ,
351 2236 475 2299 nerunt,
499 2229 540 2288 ita
555 2229 726 2308 principum
742 2227 896 2298 beneficio,
921 2230 972 2306 qui
993 2229 1109 2308 primus
1132 2247 1168 2290 ex
1190 2228 1246 2290 bac
1267 2232 1417 2309 provincia
1436 2231 1462 2288 in

352 2333 465 2392 curiam
486 2331 636 2411 pervenit,
666 2333 727 2391 sive
749 2329 828 2391 bello
850 2331 911 2391 sive
933 2349 1006 2410 pace
1028 2329 1105 2392 bene
1134 2330 1170 2392 de
1202 2333 1329 2410 imperio
1354 2332 1461 2398 meruit,

351 2433 387 2493 ad
412 2451 480 2494 eum
502 2431 648 2493 honorem
670 2432 786 2492 videtur
810 2450 875 2510 esse
891 2431 1054 2501 admissus;
1079 2432 1131 2494 ubi
1152 2435 1284 2512 primum
1306 2451 1379 2494 vero
1394 2451 1463 2493 unus

351 2533 432 2596 bunc
454 2533 599 2596 honorem
629 2541 674 2594 est
702 2533 843 2614 adeptus,
873 2533 947 2594 nihil
968 2536 1027 2595 ianr
1050 2533 1179 2605 obstitit,
1209 2554 1268 2614 quo
1298 2537 1397 2598 minus
1422 2532 1488 2600 alii¹

352 2636 485 2697 eiusdem
507 2635 676 2716 provinciae
698 2637 847 2714 primores
869 2635 906 2696 ad
922 2635 1051 2698 urbanos
1066 2638 1255 2716 magistratus
1277 2638 1462 2699 senatoriam·

352 2755 411 2817 que
439 2738 610 2818 dignitatem
638 2737 875 2799 admoverentur.
903 2737 959 2828 'ld
987 2744 1101 2799 tantum
1130 2757 1166 2800 ex
1194 2738 1280 2800 dictis
1308 2742 1340 2801 in
1369 2745 1463 2800 senatu

352 2841 388 2902 de
411 2839 466 2903 bac
488 2859 522 2902 re
545 2840 700 2901 sententiis
723 2845 821 2918 potest
835 2839 980 2909 concludi,
1004 2858 1063 2902 non
1086 2842 1257 2919 promiscue
1280 2844 1356 2902 tanti
1378 2840 1462 2900 hono-

350 2944 393 3004 ris
414 2941 556 3022 prodigos
579 2943 670 3002 luisse
695 2943 900 3021 imperatores,
924 2943 977 3003 sed
1000 2949 1110 3020 quanto
1133 2961 1209 3022 quae
1229 2945 1381 3021 provincia
1402 2961 1463 3022 pro·

350 3041 418 3124 pius
441 3043 600 3105 accedebat
622 3042 658 3104 ad
683 3042 781 3104 ltaliae
807 3042 934 3114 cultum,
965 3048 1047 3104 tanto
1076 3046 1221 3106 maturius
1243 3063 1308 3106 eam
1333 3063 1398 3106 esse
1419 3041 1462 3124 ad·

351 3147 481 3206 missam.
527 3145 632 3206 Primi
647 3152 746 3205 autem
774 3145 852 3205 inter
879 3144 1089 3206 Narbonenses
1116 3145 1328 3226 provinciales,
1359 3148 1385 3209 si
1411 3163 1463 3206 non

352 3246 407 3307 soli
430 3254 497 3307 ante
520 3245 633 3308 Claudii
654 3247 864 3326 principatum,
888 3247 1072 3308 Viennenses
1094 3248 1231 3308 videntur
1259 3246 1317 3308 hoc
1339 3249 1403 3308 iure
1423 3245 1464 3306 usi

352 3365 427 3416 esse,
452 3353 540 3426 atque
563 3348 634 3408 satis
656 3347 852 3410 memorabile
876 3354 928 3418 est,
952 3348 1029 3410 hanc
1052 3368 1088 3410 cx
1110 3349 1258 3427 indigenis
1281 3351 1463 3409 constitutam
1504 3379 1505 3388 κ

352 3446 497 3509 coloniam
518 3454 578 3510 tam
601 3456 717 3511 mature
740 3449 775 3510 ad
799 3467 863 3510 eam
887 3450 1056 3528 dignitatem
1081 3467 1146 3514 esse
1169 3456 1350 3530 provectam.
1386 3447 1465 3530 eren

352 3549 459 3611 deinde
481 3560 550 3630 post
572 3570 631 3611 non
660 3550 756 3612 solurn
786 3553 951 3631 municipes
981 3552 1163 3613 coloniarum
1192 3553 1299 3614 ciuium
1323 3551 1462 3612 Romano·

351 3645 433 3721 rum,
464 3652 516 3712 sed
542 3655 630 3716 etiam
657 3652 793 3714 homines
823 3671 859 3713 ex
882 3652 992 3714 Latinis
1021 3652 1137 3733 oppidis
1166 3660 1248 3713 ortos
1277 3653 1313 3714 ad
1343 3652 1465 3712 honores

352 3753 482 3815 urbanos
511 3755 645 3816 videmus
674 3754 846 3822 accedere,'
869 3763 957 3833 atque
984 3753 1040 3815 sub
1068 3755 1247 3834 Vespasiano
1281 3773 1342 3814 non
1376 3753 1465 3814 solum

368 3945 370 3950 ’
419 3955 465 4021 31)
486 3957 603 4007 Constat
621 3957 726 4022 duplici
744 3955 822 4007 modo
841 3957 913 4007 hanc
932 3956 1084 4008 orationem
1103 3957 1137 4008 ed
1150 3972 1200 4008 nos
1213 3958 1384 4022 pervenisse,
1403 3960 1431 4007 et
1442 3955 1466 4003 in

351 4043 457 4094 tabulis
477 4043 573 4092 aeneis
593 4055 752 4106 expressam
771 4041 918 4106 Luguduni
936 4044 1055 4107 repertis
1074 4059 1107 4092 ac
1126 4042 1307 4102 conservatis,
1328 4057 1397 4106 quas
1415 4041 1465 4089 Lu·

301 4168 303 4172 ,
351 4128 527 4192 gudunenses
545 4127 574 4175 in
593 4125 802 4176 eiusbenefieii
814 4127 973 4176 memoriam
990 4125 1100 4192 publice
1119 4129 1303 4193 exposuerant
1322 4127 1465 4190 (Boissieu,

351 4211 532 4276 Inscripticns
557 4211 589 4262 de
609 4211 687 4275 Lyon
709 4226 737 4276 p.
761 4213 809 4262 133
833 4211 906 4276 sqq.)
930 4216 958 4261 et
976 4211 1146 4262 succinctim
1169 4212 1299 4262 traditam
1324 4227 1340 4262 a
1363 4211 1458 4260 Tacito

353 4282 446 4346 annal.
467 4299 506 4360 11,
526 4298 626 4348 23-25

419 4378 463 4444 32)
483 4381 553 4432 Tab.
571 4381 676 4447 Lugud.
698 4380 749 4431 col.
769 4381 805 4432 11.
824 4397 849 4430 v.
870 4381 885 4430 9
903 4395 943 4446 sq.
