3184 5162
588 495 787 558 rnoornuu.
1057 481 1066 490 '
1229 497 1248 568 3

132 665 250 728 sedibus
273 668 335 727 suis
359 668 474 747 expulsi
502 669 579 737 sint,
595 667 642 742 ¹id
669 667 712 728 illi
739 671 778 729 ita
806 670 1041 748 interpretantur
1066 679 1100 732 ιιι
1122 671 1248 731 iberiam

132 769 209 828 illam
237 769 331 830 velint
356 787 423 830 esse
452 768 591 839 Galliam,
626 771 766 832 Sicanum
795 779 892 831 autem
920 771 1041 839 fluvium
1070 771 1142 832 nihil
1170 773 1248 834 aliud

132 889 217 950 quam
245 891 323 951 quae
349 879 453 952 postea
481 873 537 932 luit
566 870 745 951 Sequana.⁵)
796 873 870 934 Cum
904 893 974 934 vero
1008 891 1106 952 neque
1135 883 1250 935 constet

132 975 206 1035 inter
239 976 320 1035 viros
355 974 475 1043 doctos,
507 992 606 1051 neque
638 977 734 1053 possit
762 977 883 1036 omnino
917 965 1052 1044 decerni,
1085 976 1156 1054 quid
1189 978 1249 1037 sint

132 1075 310 1156 Thucydidis
331 1075 374 1136 illi
396 1076 499 1136 lberes
530 1083 559 1135 et
582 1076 689 1136 fluvius
704 1076 754 1136 ille
771 1077 903 1146 Sicanos,
928 1084 1028 1139 utrum
1051 1079 1081 1137 in
1108 1078 1248 1157 Hispania

133 1196 166 1237 an
178 1180 207 1237 in
219 1177 312 1239 Gallia
327 1196 380 1238 eos
393 1176 584 1240 collocaverit
596 1178 794 1259 Thucydides,
811 1177 860 1240 illa
876 1180 1030 1258 scriptoris
1047 1199 1147 1240 rerum
1156 1179 1247 1240 Grae-

132 1299 228 1340 carum
245 1282 347 1359 opinio
369 1279 479 1340 nullius
501 1282 644 1340 momenti
663 1280 750 1340 nohis
771 1280 819 1341 hic
840 1288 893 1341 est.
940 1280 1025 1352 Quod
1048 1289 1147 1341 autem
1169 1282 1247 1361 apud

132 1377 352 1460 streperent),
377 1383 425 1441 eui
446 1379 603 1460 Avienus⁷l
628 1383 743 1462 videtur
767 1372 919 1451 assentiri,
947 1382 1087 1460 legimus,
1113 1383 1149 1443 ah
1172 1385 1247 1443 anti·
1320 1397 1327 1409 ’

131 1483 194 1562 quis
215 1483 345 1544 iberiam
367 1483 544 1562 appellatam
569 1503 634 1544 esse
658 1503 738 1553 earn,
768 1502 843 1562 quae
866 1503 882 1544 a
905 1484 1008 1544 dextra
1030 1484 1166 1544 Rhodani
1194 1487 1247 1545 sita

131 1592 182 1653 est,
205 1594 323 1664 partem
346 1585 466 1656 Galliae,
490 1579 530 1656 id,
554 1586 669 1646 collatis
690 1588 727 1646 iis
751 1604 826 1664 quae
850 1604 885 1645 ex
901 1586 1029 1646 Hesiodo
1054 1593 1082 1645 et
1099 1587 1247 1647 Hecataeo

130 1687 289 1757 attulimus,
314 1689 341 1747 si
358 1689 479 1748 omnino
501 1690 531 1748 in
548 1688 694 1748 eiusmodi
716 1691 870 1749 nominum
886 1690 1001 1749 ratione
1016 1687 1157 1749 historica
1173 1688 1247 1748 fides

130 1795 225 1866 potest
250 1791 364 1866 quaeri,
388 1792 431 1850 sie
452 1791 579 1850 sortasse
595 1791 760 1869 intellegas,
783 1791 930 1860 lheribus,
953 1791 1112 1868 Hispaniae
1129 1789 1245 1857 incolis,

130 1891 277 1966 quondam
301 1893 474 1969 contigisse,
502 1901 536 1952 ut
558 1892 690 1971 expulsis
713 1891 873 1970 Liguribus
895 1910 990 1971 usque
1013 1891 1049 1951 ad
1071 1891 1247 1952 Rhodanum

129 1994 301 2070 proferrent
329 1993 434 2054 sedum
457 2013 579 2054 suarum
600 1995 689 2063 lines,
716 2011 813 2070 neque
837 2000 935 2053 tamen
957 1995 1014 2060 ita,
1038 1999 1071 2051 ιιι
1095 2012 1154 2052 non
1176 2011 1246 2071 pars

130 2093 273 2171 Ligurum
294 2096 437 2173 pristinas
460 2096 547 2156 sedes
574 2097 605 2155 in
633 2096 680 2156 his
704 2112 824 2172 quoque
846 2093 920 2154 locis
943 2094 1097 2155 retineret.
1143 2094 1246 2170 Neque

129 2197 224 2256 minus
250 2196 306 2256 hac
329 2199 443 2257 ratione
467 2196 675 2276 explicaveris,
705 2197 785 2276 quod
808 2195 943 2275 periplus
964 2194 1095 2273 ille'qui
1117 2193 1246 2275 Scylacis

129 2299 248 2375 quidem
277 2298 493 2378 Caryandensis
521 2317 630 2359 nomen
657 2317 731 2377 prae
763 2317 795 2358 se
824 2299 897 2367 sert,
931 2295 1118 2374 temporibus
1147 2303 1246 2356 autern

129 2399 256 2480 Philippi
278 2399 314 2469 ll,
338 2402 417 2478 regis
433 2399 625 2470 Macedonici,
650 2397 863 2477 attribuitur8),
886 2400 980 2464 refert
995 2396 1125 2476 quidem,
1149 2398 1246 2458 alini·

130 2500 182 2562 bus
203 2502 365 2580 Hispaniae
387 2521 482 2582 usque
506 2501 541 2561 ad
564 2501 740 2564 Rhodanum
761 2502 895 2563 hahitare
910 2499 1035 2576 Ligures
1058 2501 1165 2560 mixtos
1181 2500 1245 2561 lhe-

129 2603 218 2674 rihus‚
245 2603 298 2664 sed
322 2603 426 2664 eodem
448 2602 514 2663 loco
538 2621 657 2664 ornnem
679 2604 762 2665 illum
785 2622 855 2664 orae
878 2609 1003 2663 tractum
1026 2601 1170 2678 Ligurum
1192 2620 1245 2661 no-

66 2759 68 2764 ,
129 2707 205 2766 ruine
236 2705 382 2784 designat.
393 2703 414 2786 9)
464 2702 560 2783 Atque
588 2707 614 2764 si
643 2706 763 2766 confers
790 2705 869 2783 quod
892 2704 974 2764 orbis
1001 2702 1050 2762 illa
1075 2702 1245 2782 descriptio,

129 2823 201 2882 quae
232 2808 353 2888 Scymni
376 2804 481 2885 Chii¹⁰)
509 2807 597 2884 vulgo
620 2806 740 2876 dicitur,
769 2807 848 2886 quod
872 2805 962 2866 Silius
984 2801 1162 2882 ltalicus,¹¹)
1192 2806 1246 2865 llio

194 3080 225 3146 5)
247 3079 303 3129 err.
324 3078 354 3130 C.
374 3077 483 3143 Miiller,
502 3077 602 3144 Geogr,
622 3079 718 3143 graeei
736 3080 810 3141 mim,
829 3093 855 3142 p.
871 3078 901 3126 17
920 3074 988 3138 (not.
1007 3075 1042 3124 ad
1056 3073 1180 3137 Scylacis
1198 3091 1246 3140 pe·

130 3166 229 3232 riplum
248 3166 270 3226 ἓ.
284 3163 323 3228 3).

197 3267 223 3330 bl
243 3266 343 3316 Strabo
361 3265 412 3315 ΙΙΙ.
431 3282 458 3330 p.
477 3267 527 3314 166
546 3265 624 3332 Cas:
645 3257 704 3315 ἐπεὶ
724 3262 772 3314 καὶ
787 3253 914 3328 Ἰβηρίαν
931 3253 987 3312 dud
1005 3254 1058 3327 μὲν
1075 3259 1131 3311 τοῖν
1146 3256 1246 3325 προτέ-

130 3371 184 3415 ρων
203 3351 358 3403 καλεῖσθαι
377 3349 474 3402 πᾶσαν
491 3345 545 3416 τὴν
564 3345 616 3410 ἔξω
635 3347 686 3400 τοῦ
705 3343 842 3399 Ῥοδανοῦ
860 3343 978 3398 καὶτοῦ
998 3341 1105 3411 ἰσθμοῦ
1123 3344 1173 3396 τοῦ
1191 3338 1247 3396 aiud

130 3439 184 3490 τῶν
203 3434 371 3488 Γαλατικῶν
387 3429 500 3486 κόλπων
518 3429 720 3500 σφιγγομένον,
740 3427 769 3484 oi
787 3417 819 3482 di
838 3430 890 3483 νῦν
908 3420 987 3496 ῦριον
1005 3421 1095 3496 αὐτῆς
1113 3431 1245 3482 τίθενται

131 3516 182 3589 τὴν
200 3513 339 3586 Πυρήνην
357 3538 382 3574 ιι.
395 3537 418 3571 τ.
432 3521 456 3573 ί..

197 3624 223 3686 7)
241 3623 355 3687 Avien.‚
375 3639 412 3672 or.
431 3623 524 3671 merit.
543 3638 588 3672 vv.
606 3621 656 3670 608
675 3636 728 3684 sq:
752 3620 824 3670 buius
842 3619 896 3682 (se.
914 3599 1057 3683 Rhodani)
1077 3619 1148 3667 alveo
1166 3617 1245 3666 Ibero

132 3713 202 3760 tellus
219 3715 295 3774 atque
313 3709 409 3774 Ltqges
426 3709 726 3772 asperrinterserontur.

198 3812 224 3876 8)
242 3809 358 3874 Miiller,
378 3809 478 3875 Geogr.
497 3810 591 3872 graeei
611 3809 674 3856 min.
694 3806 817 3874 prolegg.
836 3822 861 3870 p.
880 3805 1000 3888 nxxnr
1018 3820 1076 3868 sqq.

197 3912 223 3978 9)
244 3912 370 3977 Scylaeis
389 3911 451 3960 Car.
470 3910 568 3976 peripl.
587 3911 610 3969 §-
628 3913 657 3958 3:
681 3900 738 3958 ῦπό
757 3902 789 3958 dl
809 3897 924 3973 Ἰβηρων
943 3901 1057 3970 ἔχονται
1074 3905 1178 3970 Λίγυες
1197 3903 1246 3956 καί

135 3996 234 4063 Ιβηρες
251 3990 374 4064 μιγάδες
391 3989 474 4062 μέχρι
496 3992 627 4060 ποταμοῦ
648 3984 792 4046 Ῥοδανοῦ.
830 3983 1004 4055 Παρῦπιιοος
1022 3981 1161 4052 Λιηῦων
1178 3980 1246 4039 dud

128 4072 313 4148 Ἐμπορίον
331 4075 431 4146 μέχρι
446 4070 610 4149 Ἐοὸανοῦ
629 4076 785 4144 ποταμοῦ
803 4069 856 4126 δύο
869 4068 980 4140 ἡμερῶν
993 4072 1041 4126 καὶ
1054 4066 1244 4138 μιῦςννκτός.

199 4183 242 4249 10)
262 4183 371 4248 Scymn.
391 4181 476 4232 Chius
494 4198 537 4232 vv.
559 4182 703 4232 lou-202:
724 4169 780 4230 εἶτ’
797 4168 905 4242 Ἴβηρες
922 4171 953 4226 oi
969 4177 1129 4241 προσεχεῖς·
1151 4165 1246 4223 ἐπάνω

134 4262 238 4320 τούτων
262 4262 295 4319 δὲ
313 4270 425 4318 κεῖνται
439 4265 494 4318 τῶν
512 4257 606 4317 τόπων
623 4261 777 4329 Βέβρυκες·
802 4257 901 4313 ἔπειτα
919 4250 1151 4325 παραθαλάττιοι
1169 4250 1245 4308 κάτω

133 4351 234 4418 Λίγυες
253 4348 369 4419 ἔχονται
386 4349 435 4403 καὶ
452 4344 549 4409 πόλεις
560 4341 731 4415 Ἑλληνίδες.

200 4453 242 4519 11)
262 4452 345 4503 Silius
362 4453 426 4504 Ital.
444 4454 541 4502 Punic.
560 4456 584 4514 3,
603 4454 652 4500 442
671 4467 729 4514 sqq.

1004 4539 1019 4596 1
1029 4533 1044 4568 ιι
