3184 5162
315 472 357 538 56
713 467 799 526 utus
820 466 839 524 l.
883 467 988 524 CAPVT
1011 466 1031 522 1.

316 659 405 720 qnam
439 639 475 701 ad
512 636 687 698 colonorum
722 653 758 696 eo
792 635 988 698 deductorum
1016 634 1191 698 accedamus
1218 633 1436 708 condicionem,

316 743 470 822 quaeritur
492 740 640 820 primum,
670 738 749 818 quod
779 737 984 817 indigenarum
1013 739 1043 798 in
1072 736 1127 798 bac
1157 737 1231 799 urbe
1252 744 1323 817 post
1342 737 1436 800 dedn-

316 853 394 907 ctam
417 841 563 906 coloniam
586 841 677 902 luerit
699 841 756 901 lua.
809 840 846 901 Et
868 836 1018 920 Zumpt⁴³l
1048 839 1168 920 quidem
1191 841 1349 921 Pomponii
1377 841 1437 902 ble-

316 947 362 1009 lae
383 944 426 1008 illi
448 944 514 1006 loco
529 943 680 1013 insistens
704 941 756 1004 ubi
770 943 960 1004 Atacinorum
976 943 1275 1021 Decumanorumque
1290 942 1438 1005 coloniam

316 1047 487 1111 Narbonem
509 1042 652 1125 appellat,
682 1045 872 1108 Atacinorum
902 1046 1021 1106 nomine
1049 1045 1159 1106 indicat
1181 1046 1342 1122 significari
1362 1045 1439 1106 indi·

317 1169 417 1232 genas,
442 1166 553 1228 eosque
575 1149 615 1208 ita
639 1146 674 1207 ad
698 1165 786 1208 unam
810 1165 877 1208 cum
894 1145 1007 1207 colonis
1029 1147 1142 1210 civibus
1157 1147 1298 1210 Romanis
1321 1149 1439 1208 iunctos

317 1271 384 1316 esse
406 1248 637 1331 rempublicam,
672 1255 705 1309 ut
734 1247 878 1310 latinitate
905 1247 1006 1310 donati
1032 1249 1138 1312 iisdem
1168 1248 1285 1328 legibus
1311 1248 1440 1329 publicis

317 1359 460 1436 parerent
482 1369 516 1412 ac
538 1349 645 1411 coloni.
690 1354 787 1428 Atque
810 1369 998 1412 communem
1026 1353 1118 1413 luisse
1140 1350 1288 1430 indigenis
1310 1350 1439 1412 colonis-

318 1473 377 1535 que
398 1451 630 1533 rempublicam,
661 1471 835 1514 communes
863 1452 944 1531 leges
970 1451 1120 1533 publicas,
1149 1471 1324 1515 communes
1346 1455 1440 1532 magi·

317 1563 439 1626 stratus,
462 1556 567 1632 ntique
591 1554 753 1616 tenendum
776 1560 836 1624 est;
866 1554 945 1633 quod
971 1561 1070 1617 antem
1093 1555 1129 1617 de
1153 1561 1266 1617 mutato
1288 1557 1320 1616 in
1342 1554 1439 1616 latini-

311 1654 407 1721 tatem
431 1658 537 1736 Zumpt
566 1655 638 1716 dicit
659 1656 866 1735 indigenarum
889 1663 982 1728 statu,
1010 1659 1145 1736 potuisse
1173 1657 1293 1734 quidem
1321 1655 1380 1720 boc
1402 1659 1441 1718 ita

319 1778 351 1822 se
374 1758 485 1821 habere
507 1776 568 1819 non
591 1759 769 1836 negaverim,
797 1764 827 1820 at
848 1777 915 1820 cum
939 1758 1025 1820 aliter
1047 1760 1078 1820 in
1100 1756 1165 1820 aliis
1187 1757 1313 1820 coloniis
1335 1758 1373 1820 de
1396 1761 1441 1820 in·

318 1862 433 1941 digenis
456 1861 595 1922 statuisse
617 1859 767 1922 Romanos
789 1862 853 1940 ipse
869 1862 976 1940 Zumpt
998 1860 1115 1923 abunde
1138 1856 1364 1940 probaverit⁴⁴),
1390 1879 1441 1921 ue-

317 1983 376 2046 que
399 1963 561 2044 quidquam
583 1961 620 2022 de
643 1961 781 2024 Narbone
810 1964 848 2023 sit
869 1962 1024 2030 traditum,
1054 1961 1103 2022 illa
1131 1962 1322 2024 Atacinorum
1344 1963 1441 2024 Decu-

317 2082 535 2143 manorumquc
562 2063 681 2125 nomina
711 2082 770 2126 non
799 2064 964 2134 sufficiunt,
994 2071 1027 2125 ut
1055 2062 1207 2125 hominum
1235 2082 1346 2143 genera
1376 2067 1443 2128 iure

318 2169 434 2230 diversa
456 2166 526 2229 inde
553 2183 702 2228 eruamus.
730 2200 764 2210 —
796 2169 819 2229 A
845 2168 911 2227 iure
938 2165 1041 2247 populi
1068 2166 1105 2228 ad
1127 2167 1317 2246 magistratus
1341 2167 1443 2247 oppidi

318 2269 466 2333 Narbonis
505 2269 531 2328 si
564 2269 741 2337 transimus,
786 2286 844 2330 una
881 2270 945 2330 eius
981 2268 1065 2330 urbis
1100 2269 1256 2348 inscriptio
1296 2269 1441 2350 (append.

320 2369 473 2452 epigrapb.
507 2387 535 2430 n.
568 2367 624 2445 16)
660 2387 735 2447 quae
770 2376 803 2430 ut
836 2372 907 2431 satis
940 2373 1060 2449 antiqua
1095 2377 1154 2441 est,
1192 2372 1233 2431 ita
1267 2369 1346 2433 ultra
1383 2372 1441 2433 Au·

319 2473 399 2552 gusti
426 2476 552 2533 aetatem
586 2470 633 2529 vix
662 2469 791 2536 recedit,
826 2481 1039 2534 commemorat
1068 2479 1224 2552 praetores
1256 2473 1443 2535 duumviros

320 2573 381 2635 lam
413 2590 484 2633 vcro
518 2568 688 2631 italicorum
720 2571 898 2651 oppidorum
931 2573 1067 2655 exempla
1099 2574 1224 2646 docent,
1259 2578 1284 2636 si
1317 2577 1348 2637 in
1384 2593 1444 2653 quo

320 2674 482 2753 municipio
505 2673 567 2732 sive
596 2673 708 2749 inqua
736 2674 850 2736 colonia
882 2684 1056 2756 praetorum
1084 2676 1309 2757 municipalium
1332 2696 1444 2740 nomen

319 2776 486 2844 invenitur,
517 2780 546 2834 et
568 2775 719 2854 antiquius
746 2776 777 2836 id
805 2794 871 2838 esse
895 2779 1017 2838 nomine
1039 2778 1265 2840 duumvirornm
1287 2779 1334 2840 rel
1358 2787 1444 2859 quat·

319 2877 522 2941 tuorvirorum
551 2884 581 2936 et
608 2876 751 2938 recedere
779 2878 815 2938 ad
842 2881 962 2941 initium
990 2879 1110 2941 admissi
1138 2882 1169 2942 in
1191 2881 1295 2960 populi
1316 2882 1447 2944 Romani

319 2982 461 3043 ditionem
484 2977 600 3059 oppidi;
627 2977 735 3039 docent
758 2987 923 3060 praeterea,
948 3000 1016 3042 cum
1037 2982 1265 3045 duumvirorum
1288 3003 1342 3045 seu
1358 2991 1444 3064 quat·

319 3083 522 3145 tuorvirorum
545 3079 650 3141 titulus
674 3080 795 3142 Sullana
817 3081 936 3144 demum
960 3090 1070 3152 aetate,
1100 3100 1158 3160 qna
1186 3090 1248 3146 tota
1271 3080 1354 3146 ltalia
1376 3105 1443 3148 mu·

319 3185 438 3262 nicipiis
461 3182 569 3242 civium
592 3181 796 3243 Romanorum
818 3182 967 3263 descripta
990 3191 1048 3254 est,
1073 3203 1149 3246 uovo
1173 3184 1243 3246 huic
1265 3189 1444 3266 municipio-

320 3303 389 3347 rum
411 3283 515 3360 generi
536 3282 760 3360 imponeretur,
792 3300 986 3362 quaecunque
1014 3286 1121 3365 oppida
1150 3286 1251 3348 ltalica
1278 3295 1347 3348 ante
1375 3286 1447 3349 belli

319 3385 437 3448 Marsici
458 3391 579 3461 tempus
601 3384 641 3444 ita
665 3386 827 3446 constituta
849 3393 943 3457 erant,
967 3393 1001 3447 ut
1022 3389 1162 3467 proprios
1177 3389 1370 3466 magistratus
1393 3389 1446 3450 ha·

319 3486 437 3556 herent,
460 3485 550 3546 iniis
574 3484 714 3547 omnibus
735 3492 891 3566 praetores
919 3487 1063 3569 appellari
1091 3507 1224 3551 summos
1253 3492 1448 3569 magistratus

320 3584 526 3665 municipales
551 3587 636 3646 cuius
658 3588 704 3647 rei
720 3587 855 3667 exempla
876 3595 945 3650 sunt
961 3589 1209 3651 castrumnovum
1232 3598 1264 3652 et
1278 3588 1446 3669 eunucu),

322 3685 430 3766 oppida
453 3688 569 3746 civitate
591 3687 724 3749 Romana
745 3697 813 3750 ante
836 3688 946 3752 bellum
969 3690 1127 3752 Marsicum
1150 3690 1268 3754 donata.
1306 3692 1448 3756 Alienum

388 3906 436 3972 43)
454 3906 487 3957 A.
506 3907 550 3957 W.
569 3907 681 3973 Zumpt,
702 3905 852 3961 Commeat.
872 3908 1016 3975 epigraph.
1035 3924 1061 3973 p.
1080 3909 1130 3960 314
1147 3913 1203 3960 not.
1222 3913 1247 3961 2.

389 3990 434 4056 44)
454 3990 525 4043 Ibid.
544 4007 570 4056 p.
588 3991 640 4041 464
658 4004 719 4056 sqq.

387 4076 431 4140 46)
456 4075 686 4127 Oastrnmnovum
708 4075 810 4126 Piceni
833 4076 943 4127 colonia
973 4076 1026 4128 civ.
1053 4076 1131 4131 Rom.
1158 4079 1280 4131 deducta
1308 4085 1352 4132 est
1380 4088 1449 4136 ante

322 4176 385 4213 ann.
406 4176 431 4212 a.
451 4159 501 4212 Oh.
520 4161 571 4210 264
594 4159 663 4224 (cfr.
681 4159 858 4225 Marquardt‚
881 4160 992 4214 Handb.
1015 4160 1064 4212 der
1086 4177 1170 4213 roem.
1194 4162 1315 4218 Alterth.
1340 4183 1369 4233 p.
1393 4167 1449 4232 18),

323 4245 416 4296 Cumis
436 4243 605 4309 Campaniae
624 4245 708 4311 plena
727 4244 826 4296 civitae
846 4259 980 4296 concessa
999 4250 1041 4296 est
1059 4247 1132 4297 iuter
1149 4263 1213 4300 ann.
1234 4264 1260 4300 a.
1280 4249 1331 4306 Oh.
1351 4253 1403 4306 180
1421 4257 1452 4304 ot

320 4327 423 4378 bellum
435 4328 584 4380 Marsicum
599 4330 741 4393 (Momms,
754 4329 855 4380 Gesch.
868 4328 1010 4382 dearoem.
1024 4331 1214 4384 Miinaweaens
1226 4336 1332 4399 puae).
1359 4336 1451 4389 Prae·
1488 4359 1493 4373 ι

320 4414 395 4462 tores
414 4410 637 4464 Ouatronovanoe
655 4412 743 4463 habea
763 4411 939 4464 Or.·Henzen
957 4415 1032 4481 7026,
1053 4413 1190 4472 Cumanos
1207 4416 1274 4470 ibid.
1294 4421 1373 4472 2263.
