3184 5162
601 490 797 547 ruoouulvu.
1217 498 1256 558 15

139 655 197 716 huc
218 657 317 716 reicrs
339 675 415 734 quae
437 655 649 736 Herodotus⁵⁰)
673 658 794 719 tradidit
816 658 852 718 de
874 657 1082 736 Arganthonii,
1110 661 1256 722 Tartessi-

139 777 225 818 orum
247 759 339 835 regis,
364 775 434 836 erga
456 758 661 820 Phocaeenses
683 762 799 830 lavore,
829 760 1028 822 Massilienses
1055 778 1174 840 qnoque
1205 782 1254 822 us-

139 878 197 937 que
219 860 256 919 sd
280 860 379 920 Baetis
401 859 483 920 lluvii
505 861 578 922 ostia
600 863 752 940 navigasse
773 863 909 942 accipias
949 862 1027 923 Citra
1049 864 1159 924 iretum
1180 863 1255 924 Her·

138 961 213 1023 culis
241 969 340 1022 autem
371 969 459 1038 atque
483 963 557 1023 citra
584 963 758 1025 Maenacum
787 965 843 1025 tria
867 963 1094 1026 Massiliensium
1116 965 1256 1045 oppidula
1305 1030 1307 1036 ,

138 1065 273 1124 nominat
305 1061 476 1142 Strabo⁵¹)‚
510 1066 565 1124 sita
596 1067 674 1126 inter
707 1065 914 1143 Carthaginem
940 1081 1045 1128 novam
1083 1074 1113 1126 et
1145 1068 1254 1128 Sucro·

138 1183 207 1225 nem
238 1164 376 1234 llnvium,
412 1183 541 1242 quorum
575 1166 795 1230 nobilissimum
830 1169 868 1228 sit
894 1167 1160 1247 Hemeroscopium
1188 1188 1254 1230 cum

138 1268 246 1328 Dianio
270 1269 331 1327 sive
353 1269 511 1328 Artemisio
536 1267 682 1330 adiacenti
710 1268 823 1348 templo
845 1270 970 1336 Dianam
1000 1270 1164 1330 secundum
1192 1280 1256 1331 erat

137 1371 268 1430 fortasse
280 1368 387 1438 hlone,
406 1368 485 1446 quod
501 1369 731 1432 Massiliensium
746 1370 889 1450 oppidum
905 1370 976 1432 dicit
992 1371 1159 1450 Stephanus
1175 1379 1204 1432 et
1220 1372 1255 1431 od

138 1471 317 1532 illicitanum
332 1473 430 1532 sinum
446 1471 571 1532 collocat
585 1472 675 1540 Mela;
701 1475 779 1534 tertii
793 1491 904 1533 nomen
924 1475 1058 1550 ignotum
1074 1481 1128 1534 cst.
1174 1474 1256 1545 Quae

138 1575 274 1652 emporia
295 1575 414 1633 nonnisi
428 1581 575 1652 perpetuo
597 1593 665 1634 cum
680 1575 972 1653 Carthaginiensibus
994 1577 1155 1636 certamine
1170 1575 1257 1636 condi

137 1682 302 1754 potuerunt
328 1682 417 1752 etque
444 1695 661 1756 saepenumero
687 1697 703 1737 a
735 1677 990 1747 Phocaeensibus
1025 1678 1076 1755 qui
1098 1676 1255 1738 Massiliam

137 1777 340 1845 condiderint,
359 1779 455 1838 victos
471 1797 538 1839 esse
552 1778 670 1840 Poenos
687 1778 759 1839 dicit
773 1778 970 1859 Thucydides,
980 1776 1016 1857 52)
1047 1781 1157 1840 Verum
1172 1779 1256 1858 paul·

137 1880 220 1940 latim
235 1881 394 1956 insurgunt
409 1879 667 1958 Carthaginienses
681 1899 736 1959 per
758 1898 861 1941 omnes
876 1881 967 1941 maris
982 1880 1172 1941 occidentalis
1187 1898 1255 1958 par-

136 1991 199 2052 tes,
229 1982 397 2042 consistunt
424 1983 456 2042 in
479 1982 592 2053 Sicilia,
621 1990 769 2061 occupant
790 1983 938 2043 Baeticam
962 1982 999 2042 ah
1022 1990 1148 2058 utreque
1171 1991 1255 2060 parte

139 2086 209 2144 ireti
225 2083 371 2151 Gaditani,
388 2083 555 2144 Sardiniam
570 2083 698 2145 insulam
720 2102 797 2143 anno
820 2085 884 2144 iere
907 2102 932 2144 a.
957 2082 1008 2143 Ch.
1027 2089 1088 2149 550
1110 2084 1256 2160 incipiunt

137 2204 302 2264 occupare,
333 2203 349 2244 a
371 2185 491 2246 Corsica
518 2187 576 2264 ipsi
597 2185 716 2266 quidem
745 2185 908 2262 abstinent,
931 2184 1136 2246 Phocaeenses
1157 2192 1255 2244 autem

137 2305 237 2366 pugna
266 2286 345 2367 apud
367 2286 492 2347 Alaliam'
518 2306 595 2348 anno
619 2293 680 2354 537
709 2289 866 2348 commissa
887 2285 958 2346 inde
986 2285 1100 2364 pellunt
1122 2293 1151 2345 et
1173 2304 1253 2345 com·
1328 2269 1331 2275 ’

138 2392 261 2450 mittunt
287 2388 364 2449 hanc
390 2388 519 2448 insulam
545 2390 688 2450 Etruscis.
696 2386 733 2468 ⁵³)
777 2389 843 2460 Quo
871 2375 982 2450 lactum
1010 2395 1068 2456 est,
1098 2394 1131 2446 ut
1152 2387 1255 2448 Massi-

138 2492 250 2553 lienses
272 2490 417 2569 gradatim
439 2490 554 2569 repulsi
575 2489 613 2550 de
634 2491 810 2552 stationibus
832 2491 998 2569 Hispanicis
1025 2489 1255 2566 eoredigeren-

139 2601 202 2663 tur,
234 2600 268 2653 ut
290 2594 422 2672 exceptis
444 2592 592 2671 Emporiis
620 2593 740 2653 nonnisi
762 2587 918 2664 C'nllicum¹
934 2610 1015 2652 mere
1043 2593 1074 2650 in
1097 2610 1151 2652 sua
1173 2593 1258 2668 quasi

138 2696 252 2757 ditione
274 2696 447 2763 retinerent,
472 2701 605 2755 ceterum
628 2702 727 2755 autem
742 2696 813 2755 satis
828 2693 982 2764 haberent,
1007 2701 1090 2754 extra
1111 2693 1167 2753 hos
1182 2695 1257 2754 lines

139 2801 238 2859 socios
262 2783 405 2875 quosdam
430 2794 486 2856 sibi
508 2795 676 2866 conciliare,
701 2797 777 2856 sicut
797 2798 829 2856 in
845 2795 926 2857 Latio
943 2794 1104 2865 Romanos
1127 2797 1159 2854 in
1179 2796 1255 2855 inie-

138 2902 220 2961 riore
248 2897 331 2960 ltalia
356 2897 528 2967 ¹Velienses,
558 2898 609 2974 qui
637 2905 667 2958 et
692 2899 750 2977 ipsi
777 2897 1010 2958 Phocaeensium
1040 2895 1138 2956 coloni
1161 2905 1254 2956 erant.
1297 2899 1298 2902 ’

225 2999 416 3062 Coloniarum
438 3006 551 3069 autem,
580 3018 654 3078 quas
675 2998 875 3060 Massilienses
902 3017 957 3077 per
984 2999 1076 3058 maris
1099 2996 1202 3058 Gallici
1228 3006 1257 3058 et

138 3259 194 3316 λις·
216 3245 334 3323 εὕρηται
351 3251 401 3306 καὶ
419 3247 559 3319 Μαινακη
578 3245 700 3320 Κελτική
718 3244 810 3318 πόλις,
828 3253 877 3302 ubi
895 3251 997 3311 volunt,
1016 3249 1154 3302 vocabula
1166 3247 1256 3319 Μακη

139 3347 168 3392 et
185 3336 331 3408 Μαινοίκη
347 3341 438 3391 locum
455 3341 529 3390 inter
546 3354 576 3388 se
594 3344 711 3401 mutare,
731 3340 796 3403 quio
815 3337 908 3402 Steph.
923 3338 994 3386 inter
1006 3335 1120 3388 Mardoi
1139 3341 1167 3386 et
1179 3337 1257 3388 Μαί-

139 3429 226 3485 ναλος
248 3426 322 3476 hanc
344 3425 440 3476 urbem
462 3427 599 3476 recenset.
636 3423 764 3474 Ceterum
785 3423 951 3472 Maenacam
974 3423 1069 3472 dicunt
1090 3421 1171 3473 hodie
1196 3439 1257 3472 esse

137 3513 302 3563 Ahounecar.

208 3597 251 3659 50)
270 3595 403 3648 Herodot.
422 3598 449 3659 1,
469 3597 526 3648 163.

208 3682 252 3744 51)
271 3680 370 3730 Strabo
392 3684 420 3743 3,
441 3681 502 3731 159:
533 3673 640 3746 μεταξὺ
662 3677 714 3730 τοῦ
737 3669 905 3743 Σούκρωνος
927 3675 977 3728 καλ
999 3676 1050 3744 τῆς
1073 3670 1257 3744 Καρχηδόνος

139 3766 205 3832 τρία
222 3765 359 3831 πολίχνια
377 3761 592 3816 Μασσαλιωτῶν
611 3759 684 3816 εἰσιν
696 3754 730 3814 οὗ
747 3757 820 3814 πολὺ
835 3754 951 3814 ἄποθεν
969 3761 1019 3812 τοῦ
1032 3760 1175 3828 ποταμοῦ·
1194 3755 1259 3814 τού-

138 3847 196 3904 Ιτων
214 3842 245 3902 δ’
269 3843 328 3902 ἐστὶ
351 3841 568 3914 γνωριμώτατον
589 3841 621 3899 τὸ
640 3840 878 3913 Ἡμεροσκοπεῑσν
902 3843 967 3913 ἔχων
990 3841 1036 3899 int
1061 3846 1092 3913 τῇ
1114 3837 1188 3912 σ’ἶκρᾳ
1207 3846 1258 3912 τῆς

134 3931 272 4002 Ἐφεσίας
287 3925 444 4001 Ἀρτέμιδος
467 3927 545 3997 ἱερὸν
568 3925 681 3998 σφόδρα
704 3925 875 3999 τιμώμενον,
900 3921 921 3998 ᾧ
944 3925 1081 3998 ἐχρήσατο
1100 3923 1257 3996 Σερτώριος

139 4015 304 4088 ὁρμητηρίῳ
321 4011 396 4070 κατὰ
414 4011 572 4070 θάλατταν.

209 4107 253 4170 52)
272 4105 395 4168 Thucyd.
420 4106 447 4166 1,
468 4106 511 4154 13:
536 4101 656 4167 Φωκαῆς
679 4096 712 4153 δὲ
734 4101 908 4153 Μασσαλίαν
931 4097 1086 4164 οἰκίζοντες
1107 4098 1258 4165 Καρχηδο-

140 4191 221 4250 νίους
240 4182 345 4241 ἐνίκων
362 4186 584 4254 ναυμαχοῦντες.
616 4188 665 4237 cfr.
679 4188 799 4240 Panson.
814 4190 852 4248 10,
867 4189 892 4249 8,
906 4189 934 4235 4:
954 4181 983 4237 οἱ
1001 4180 1033 4236 δὲ
1051 4182 1255 4236 Μασσαλιῶται

141 4304 173 4313 -
191 4267 344 4340 γενόμενοι
362 4271 464 4325 νανσλν
481 4264 709 4338 ἐπικρατέστεροι
726 4268 934 4337 Καρχηδονίων
945 4263 998 4335 τήν
1010 4285 1040 4320 τε
1057 4268 1111 4334 γῆν
1128 4258 1164 4335 ἣν
1177 4263 1255 4334 ἔχον-

141 4375 187 4411 σιν
206 4352 362 4424 ἐκτήσαντο
380 4356 429 4410 καλ
448 4349 494 4410 ἐπὶ
512 4353 585 4424 μέχα
602 4350 742 4422 ἀφίκοντο
761 4348 957 4421 εὐδαιμονίας.

209 4443 254 4510 63)
273 4445 437 4506 Mommsen,
456 4444 551 4494 Roem.
571 4441 672 4494 Gesch.
691 4445 714 4507 1,
735 4442 875 4492 133-136.
