3124 5168
495 491 578 548 Plus
600 492 630 548 ll.
676 491 782 550 capvt
804 493 845 551 lll.
1169 499 1229 560 261

116 658 173 728 bis,
204 665 238 720 ut
265 661 331 720 iure
359 658 566 738 flagitarentur
595 677 668 720 nova
697 661 840 722 instituta.
885 664 922 723 At
949 662 999 722 ubi
1027 661 1086 722 dno
1115 670 1229 726 tantum

116 761 266 840 hucusque
288 763 405 839 cognita
428 767 513 822 erant
534 778 645 839 genera
661 764 813 823 nationum
836 769 887 825 aut
909 766 1127 826 senescentium
1149 766 1228 827 inter

115 862 259 926 luxuriem
289 871 318 923 et
352 865 427 924 vitae
461 863 602 924 delicatae
636 866 802 926 satietatem
835 874 885 927 aut
920 884 1014 947 prope
1048 869 1227 928 intactarum

117 964 217 1026 altiore
240 966 316 1025 vitae
339 965 437 1036 cultu,
461 965 519 1026 duo
542 973 656 1027 tantum
679 968 828 1028 civitatum
851 985 961 1046 genera
988 975 1040 1030 aut
1060 970 1227 1031 victricium

115 1073 162 1128 aut
181 1068 377 1137 devictarum,
411 1077 461 1129 aut
485 1070 696 1148 imperantium
723 1077 774 1130 aut
800 1073 984 1150 parentium,
1013 1070 1064 1131 ubi
1092 1072 1226 1133 instituta

113 1168 228 1247 publica
251 1171 369 1230 nonnisi
391 1177 442 1231 aut
463 1171 588 1248 singulis
611 1171 750 1232 adstricta
773 1179 858 1233 erant
879 1171 1004 1233 urbibus
1022 1179 1072 1233 aut
1095 1174 1227 1234 acivita-

112 1271 189 1332 tibus
217 1273 345 1332 exercita
379 1271 514 1333 barbaris
543 1274 609 1333 luse
636 1292 691 1352 per
718 1276 798 1334 vicos
830 1291 982 1354 pagosque
1015 1273 1225 1344 habitantibus

112 1372 161 1432 ubi
181 1372 227 1433 vel
250 1375 328 1435 inter
350 1374 476 1453 populos
499 1374 703 1452 longissimum
725 1378 801 1436 vitae
823 1374 960 1455 publicae
977 1395 1063 1438 usum
1086 1383 1226 1455 expertos

112 1477 193 1554 regni
206 1473 247 1535 'et
268 1474 414 1537 libertatis
436 1477 557 1537 nomina
580 1479 621 1538 ita
643 1480 722 1538 inter
745 1497 777 1538 se
800 1478 1007 1539 indicabantur
1035 1477 1168 1548 differre,
1193 1487 1226 1540 ut

111 1576 262 1637 conciliari
284 1576 366 1638 nullo
388 1578 477 1639 modo
499 1586 635 1658 possent,
660 1580 809 1656 quomodo
831 1580 901 1641 inde
923 1598 1000 1641 unus
1023 1599 1115 1641 novus
1129 1598 1224 1659 popu·

110 1677 155 1738 lus
174 1680 273 1758 potuit
295 1682 411 1740 renasci
433 1699 509 1741 novo
533 1687 562 1740 et
583 1680 711 1741 feliciori
733 1701 804 1743 aevo
825 1682 994 1743 inducendo
1021 1689 1122 1761 aptus,
1151 1702 1224 1762 quo·

109 1779 194 1842 modo
216 1783 376 1860 imperium
405 1783 436 1843 in
463 1790 563 1862 partes
593 1783 683 1842 dividi
710 1785 789 1844 inter
817 1803 849 1844 se
872 1782 1009 1864 aequales
1038 1791 1067 1845 et
1095 1785 1225 1864 propriis

107 1881 216 1943 viribus
241 1890 270 1943 et
292 1884 422 1945 consiliis
444 1886 588 1953 nitentes,
612 1903 688 1964 quae
710 1887 835 1946 inveniri
858 1888 933 1945 ratio
953 1887 1156 1947 institutorum
1178 1892 1223 1945 to·
1305 1883 1307 1886 ’

107 1985 164 2045 tius
185 1986 305 2064 imperii
327 1986 461 2063 regimen
485 1992 514 2045 et
537 1985 721 2064 singularum
744 1989 873 2065 partium
889 1986 1056 2048 libertatem
1072 1989 1129 2047 rite
1144 1989 1222 2046 inter

108 2103 137 2144 se
160 2089 404 2163 exaequandum,
429 2089 480 2164 qui
502 2086 584 2148 locus
608 2089 728 2148 omnino
752 2096 816 2148 crat
838 2106 931 2166 regno
959 2087 1095 2149 libertate
1124 2094 1153 2148 et
1181 2091 1221 2148 ci-

106 2186 182 2248 vium
206 2187 393 2266 singulorum
416 2198 445 2250 et
467 2192 687 2269 provinciarum
706 2197 879 2269 temperato.
924 2191 1057 2270 Denique
1073 2190 1221 2270 quomodo

105 2287 218 2351 tulisset
242 2291 339 2350 unitas
361 2292 479 2370 imperii
500 2293 630 2370 partium
653 2291 776 2352 liberam
794 2291 987 2362 voluntatem,
1012 2298 1041 2352 et
1056 2293 1113 2352 nisi
1128 2310 1222 2353 unum

106 2397 166 2452 erat
193 2393 370 2471 imperium,
400 2394 549 2473 quomodo
577 2401 678 2473 partes
705 2411 810 2456 recens
839 2393 969 2454 adiectae
996 2394 1032 2455 ad
1061 2394 1221 2455 cultiorum

104 2495 258 2556 nationum
280 2496 413 2554 instituta
434 2502 573 2574 poterant
597 2495 699 2556 evehi?

186 2596 245 2668 Qui
268 2615 369 2656 rerum
392 2603 484 2658 status
507 2597 691 2676 singulorum
714 2597 868 2660 hominum
883 2600 1015 2676 ingenio
1042 2617 1102 2659 non
1124 2601 1222 2678 potuit

103 2700 209 2758 mutari
233 2698 362 2777 ideoque
384 2700 496 2760 trustra
518 2701 548 2760 in
572 2701 704 2762 Caesaris
719 2702 880 2778 Augustive
903 2701 1032 2761 consiliis
1054 2700 1111 2761 tale
1135 2701 1219 2777 qnid·

103 2816 189 2876 quam
219 2801 411 2878 quaesiveris.
463 2801 539 2872 Quid
569 2801 647 2879 quod
676 2803 802 2881 demptis
837 2802 1013 2880 quibusdam
1047 2802 1220 2880 privilegiis,

47 2910 55 2929 ⁶
102 2918 176 2978 quae
198 2901 355 2982 paullatim
378 2908 446 2963 sunt
468 2902 597 2973 sublata,
622 2905 686 2982 ipsa
707 2901 789 2964 ltalia
813 2903 856 2964 vel
878 2909 947 2982 post
969 2904 1126 2965 Caesarem
1149 2903 1219 2979 quid

102 3011 164 3064 erat
185 3005 245 3065 nisi
268 3022 378 3064 nomen
400 3006 503 3075 inane,
528 3005 607 3084 quod
628 3005 796 3066 institutum
824 3004 990 3082 legitimum
1018 3005 1115 3063 iunxit
1141 2996 1219 3065 inter

100 3123 130 3165 se
152 3105 263 3186 oppida
286 3106 386 3167 italica
409 3108 525 3167 civitate
547 3106 829 3184 Romana,.lingua‚
854 3106 988 3167 moribus
1002 3123 1126 3184 prorsus
1140 3107 1219 3166 inter

99 3225 129 3266 se
152 3207 308 3286 aequalia?
352 3209 389 3269 tt
411 3208 489 3287 qnod
514 3227 548 3268 eu
572 3208 623 3268 illo
646 3211 765 3288 imperii
787 3215 866 3269 statu
895 3211 977 3269 nasci
1001 3209 1096 3286 potuit
1123 3209 1218 3269 consi-

99 3307 185 3378 lium,
211 3328 250 3370 ex
273 3309 410 3371 omuibus
432 3310 513 3371 orbis
533 3316 595 3371 tum
618 3313 728 3388 cogniti
750 3310 884 3389 partibus
907 3328 998 3371 unum
1020 3310 1219 3371 constituendi

98 3428 243 3490 regnum,
268 3411 346 3490 quod
369 3413 460 3472 totius
482 3413 545 3471 aevi
568 3414 681 3491 antiqui
704 3412 816 3473 cultum
844 3420 873 3472 et
895 3412 1108 3473 humanitatem
1136 3413 1218 3490 quasi

99 3530 155 3574 una
177 3513 311 3590 imagine
340 3515 521 3592 exprimeret
549 3519 578 3573 et
608 3517 735 3592 posteris
763 3514 908 3584 traderet,
938 3514 967 3573 id
996 3521 1098 3575 natum
1121 3520 1167 3574 est
1188 3516 1217 3575 in

97 3616 218 3693 ingenio
236 3614 305 3674 Iulii
320 3614 463 3684 Caesaris
488 3622 576 3694 atque
598 3615 634 3675 ad
658 3616 852 3677 excolendum
876 3634 909 3675 ac
921 3616 1140 3694 perficiendum
1161 3616 1218 3676 hoo

97 3716 257 3778 consilium
281 3735 470 3777 successores
494 3718 556 3778 eius
586 3719 646 3778 sive
668 3717 800 3778 volentes
828 3725 857 3777 et
882 3718 1010 3778 scientes
1038 3718 1098 3778 sive
1126 3719 1217 3778 nescii

97 3825 126 3878 et
146 3819 233 3880 inviti
256 3836 339 3879 snam
363 3820 488 3896 quisque
510 3826 625 3897 partem
654 3819 846 3882 contulerunt
873 3826 902 3879 et
930 3818 1108 3880 deterrimus
1136 3821 1216 3898 quis-

96 3935 153 3997 quc
175 3939 241 3982 non
264 3921 385 3980 minime
413 3919 481 3980 huic
510 3923 594 4000 operi
620 3922 781 3982 inservivit.
825 3921 905 3981 llaec
933 3920 994 3980 sola
1022 3920 1142 4000 quidem
1164 3920 1217 3981 sed

94 4040 162 4082 vera
188 4028 219 4082 et
243 4039 349 4099 magna
372 4021 466 4098 gloria
489 4029 533 4081 est
556 4025 658 4082 aetatis
677 4024 889 4102 imperatoriae
911 4028 940 4081 et
955 4020 1216 4084 administrationis

93 4123 129 4184 ab
159 4125 293 4203 imperio
322 4124 404 4183 vietis
431 4125 599 4202 impositae,
635 4132 664 4184 et
691 4126 741 4202 qui
769 4125 929 4203 depressus
951 4123 1070 4184 Tacitea
1096 4122 1215 4185 illorum

92 4233 267 4305 temporum
291 4227 478 4286 accusatione
499 4227 576 4286 tristi
605 4233 635 4286 et
656 4224 774 4304 lugubri
801 4226 921 4304 imagini
949 4225 1141 4285 saevientium
1169 4231 1213 4304 ty·

92 4345 278 4395 rannorum,
302 4328 417 4387 ruentis
438 4329 469 4387 in
493 4329 645 4388 servitium
668 4326 842 4396 nobilitatis,
867 4331 1025 4404 corruptae
1047 4324 1142 4405 plebis
1165 4346 1214 4409 nr·

90 4429 187 4490 barrae
211 4428 322 4492 laetius
344 4427 463 4511 aliquod
487 4445 639 4508 opponere
662 4429 812 4506 desiderat
834 4426 1045 4515 spectaculum,
1071 4434 1156 4490 exeat
1179 4447 1215 4492 ex
