3132 5158
342 455 424 549 aaa
512 471 515 479 ·
767 459 904 518 nunus
925 459 1067 516 nnuma.

369 807 373 816 ,
459 695 616 794 XXV.
674 693 990 792 LAPIDES
1033 692 1383 790 MILIARII.

845 885 993 896 *un—-

443 985 571 1066 Lapides
593 983 736 1046 miliarios
759 1001 834 1062 quos
855 1002 911 1064 per
926 982 1150 1044 Narbonensem
1166 983 1349 1061 provinciam
1372 1001 1473 1064 reper-

359 1094 406 1149 tos
428 1089 489 1149 sive
511 1089 576 1167 ipse
599 1087 745 1166 descripsi
775 1089 836 1147 sive
863 1088 894 1145 in
916 1083 1001 1146 libris
1023 1083 1191 1162 descriptos
1213 1085 1328 1153 inveni,
1356 1087 1397 1146 ita
1419 1084 1474 1146 boc
1564 1159 1565 1164 γ

357 1188 423 1250 loco
446 1207 597 1269 propono,
624 1198 655 1249 ut
677 1187 853 1250 distribuam
875 1187 912 1248 ad
934 1186 1071 1248 ordinem
1093 1186 1223 1254 viarum,
1253 1203 1308 1264 per
1331 1202 1406 1263 quas
1426 1204 1473 1247 re·
1564 1177 1565 1224 ἶ

357 1293 436 1370 perti
458 1298 536 1353 sunt„
582 1290 722 1366 Quinque
750 1297 848 1351 autern
871 1289 1000 1350 maiores
1021 1287 1148 1349 Romani
1174 1305 1230 1365 per
1253 1286 1379 1348 Galliam
1400 1288 1472 1348 Nar·

357 1390 520 1452 bonensem
545 1393 735 1452 muniverunt
759 1393 834 1460 vias,
857 1389 1007 1452 Aureliam
1030 1408 1046 1450 a
1070 1390 1147 1449 Varo
1169 1387 1292 1448 tlunnne
1314 1386 1472 1455 Arelatem,
1564 1383 1565 1400 ³

357 1492 515 1554 Domitiam
543 1492 579 1553 ab
601 1492 718 1554 Arelate
745 1491 929 1554 occidentem
952 1509 1071 1560 versus,
1102 1491 1176 1551 viam
1205 1489 1242 1550 ab
1268 1491 1398 1569 Agrippa
1427 1509 1471 1550 se·

357 1591 487 1653 cundum
514 1593 690 1655 Rhodanum
719 1595 853 1662 ductam,
889 1593 962 1654 duas
995 1593 1123 1669 denique
1154 1593 1214 1651 vias
1243 1610 1279 1652 ex
1307 1590 1391 1652 ltalia
1420 1610 1474 1671 per

354 1693 444 1774 Alpes
467 1700 584 1764 suetas,
608 1714 643 1755 ex
666 1696 774 1773 quibus
791 1714 850 1756 una
864 1713 919 1774 per
940 1693 1030 1774 Alpes
1050 1695 1169 1762 Cottias,
1193 1693 1285 1754 altera
1307 1711 1363 1772 per
1385 1693 1474 1773 Alpes
1564 1753 1565 1756 ,

341 1796 458 1858 ‚Graias
479 1795 611 1866 ierebat;
635 1815 711 1877 quae
734 1799 865 1875 quinque
888 1797 950 1858 viae
973 1797 1101 1856 maiores
1116 1794 1266 1872 quomodo
1288 1801 1319 1854 et
1339 1797 1420 1857 inter
1442 1815 1473 1856 sc

354 1904 385 1958 et
406 1917 475 1959 cum
492 1875 544 1958 viis
560 1904 643 1958 extra
665 1900 849 1978 provinciam
865 1897 962 1958 ductis
983 1897 1094 1958 luerint
1109 1898 1294 1964 coniunctae,
1321 1915 1357 1957 en
1374 1897 1473 1958 tabula
1564 1891 1565 1898 '

353 2001 581 2080 Peutingeriana
596 2006 696 2079 potest
711 2002 785 2061 erui.
802 2000 1002 2061 -Ordinem
1018 1998 1231 2077 verolapidum
1248 1999 1394 2076 cuiusque
1411 2001 1473 2060 viae

352 2104 393 2163 ita
409 2121 424 2162 a
440 2101 527 2162 nobis
542 2100 633 2163 babes
648 2103 833 2170 institutum,
850 2109 884 2162 ut
898 2099 933 2161 ad
949 2103 1092 2180 temporis
1108 2102 1254 2161 rationem
1269 2099 1379 2177 singuli
1399 2118 1472 2161 enu-

352 2211 522 2272 merentur,
540 2205 614 2283 ipsis
637 2211 735 2265 autem
758 2201 906 2284 lapidibus
928 2203 1026 2264 brevis
1048 2201 1206 2282 praecedat
1228 2204 1472 2264 commentarius.

352 2304 394 2366 lle
416 2303 567 2367 veteribus
588 2305 764 2374 itinerariis,
790 2303 898 2382 quibus
920 2306 971 2382 qui
993 2303 1104 2365 Galliae
1124 2302 1326 2366 Narbonensis
1345 2320 1472 2383 geogra-

351 2405 451 2484 phiam
468 2407 570 2469 volunt
583 2405 749 2476 illustrare,
765 2407 892 2468 maxima
909 2424 944 2466 ex
960 2412 1044 2486 parte
1059 2424 1115 2486 pro
1132 2405 1325 2466 fundamento
1348 2407 1404 2466 niti
1419 2407 1472 2468 de·

351 2506 432 2576 bent,
453 2507 572 2585 longius
590 2525 678 2586 agere
695 2507 785 2568 buius
801 2506 859 2568 loci
876 2526 937 2568 non
956 2514 1010 2568 est
1045 2508 1184 2569 Ceterum
1208 2505 1257 2567 bic
1274 2524 1395 2585 quoque
1410 2529 1472 2571 non

350 2625 473 2687 possum
496 2626 556 2668 non
577 2608 696 2678 dolere,
720 2608 800 2687 quod
822 2628 882 2670 non
906 2611 1029 2688 contigit
1052 2607 1138 2678 mibi,
1166 2609 1304 2670 conferre
1326 2609 1471 2672 disserta·

350 2708 463 2771 tionem
486 2707 575 2780 illam,
600 2727 688 2788 quam
711 2711 832 2791 scripsit
853 2710 935 2771 Le'on
957 2711 1069 2772 Renier
1090 2712 1121 2771 in
1144 2713 1299 2770 Aoouotre
1313 2713 1353 2771 dc
1369 2716 1403 2772 la
1417 2713 1471 2773 So·

349 2809 427 2871 cie'te‘
445 2813 498 2872 dec
518 2813 709 2888 Antiquatres
731 2814 768 2874 de
789 2814 909 2873 Franco
928 2829 1007 2888 poter
1031 2819 1108 2872 1850
1129 2811 1167 2872 de
1191 2831 1225 2874 ea
1245 2815 1471 2875 itinerariorum

349 2918 483 2974 veterum
506 2919 604 2991 parte,
629 2930 705 2990 quae
727 2915 857 2994 pertinet
879 2914 915 2974 ad
939 2913 1071 2975 Galliam.

686 3115 714 3177 1.
758 3114 849 3180 vra
880 3113 1128 3180 Avennio.

431 3269 513 3330 Viam
536 3268 647 3330 Galliae
669 3269 871 3332 Narbonensis
891 3269 1057 3340 Aureliam,
1080 3273 1141 3331 sive
1163 3278 1326 3332 extremam
1348 3281 1470 3352 partem

348 3371 412 3430 eius
426 3372 501 3440 viae,
518 3386 593 3446 quae
608 3369 702 3432 Roma
717 3371 844 3432 ducebat
858 3371 1006 3434 Arelatem
1024 3373 1132 3453 (itiner.
1148 3377 1254 3434 Anton.
1272 3378 1345 3444 289,
1362 3379 1381 3441 3
1400 3393 1468 3454 sqq.

346 3468 453 3549 Wess.)
476 3470 609 3540 Romani,
633 3491 702 3534 cum
722 3473 806 3535 initio
821 3472 1054 3536 Massiliensibus
1069 3475 1230 3536 curandam
1245 3477 1468 3554 permisissent,

346 3579 449 3650 postea
470 3589 596 3652 prorsus
617 3575 696 3634 inter
717 3573 852 3654 publicas
868 3576 987 3655 imperii
1008 3577 1055 3636 sui
1076 3577 1137 3638 vias
1153 3584 1342 3656 receperunt.
1380 3579 1470 3651 Quae

345 3674 391 3734 via
413 3692 480 3736 cum
502 3680 600 3737 tractu
621 3676 778 3756 principali
800 3695 815 3737 a
833 3677 908 3738 Varo
924 3677 1046 3738 lluminc
1068 3696 1122 3756 per
1138 3677 1248 3739 Forum
1263 3677 1340 3747 lulii,
1363 3681 1469 3760 Aquas

345 3773 476 3844 Sextias,
499 3774 656 3838 Massiliam
679 3779 773 3839 lerret
793 3777 957 3847 Arelatem,
982 3779 1018 3839 ad
1041 3778 1167 3841 eundem
1190 3781 1279 3841 linem
1301 3799 1357 3860 per
1379 3801 1468 3846 com-
1564 3791 1565 3794 ’

272 3947 275 3952 ,
344 3876 485 3952 pendium
513 3876 640 3938 ducebat
666 3879 703 3940 ab
731 3880 822 3958 Aquis
844 3880 951 3941 Sextiis
979 3899 1035 3959 per
1057 3880 1183 3943 Glanum
1211 3888 1240 3941 et
1265 3883 1466 3962 Ernaginum.

344 3978 532 4057 Descriptum
555 3985 654 4041 autem
676 3979 768 4042 babes
784 3988 912 4042 tractum
926 3981 1122 4061 principalem
1136 3983 1199 4043 itin.
1216 3984 1322 4046 Anton.
1339 4004 1369 4065 p.
1388 3991 1466 4060 297,

345 4083 361 4143 1
384 4078 430 4138 W.
455 4115 497 4122 -
519 4084 590 4149 299,
611 4086 639 4150 4,
664 4082 737 4142 riam
759 4081 927 4145 breviorem
947 4084 1039 4163 Aquis
1061 4083 1171 4146 Sextiis
1186 4085 1339 4148 'Arelatem
1362 4089 1396 4148 in
1420 4097 1465 4151 ta·

342 4176 687 4260 bulael'eutingerianae
710 4190 864 4260 segmento
879 4184 915 4246 11.
932 4185 965 4254 b,
983 4203 1051 4246 cum
1064 4186 1174 4264 quibus
1190 4186 1393 4250 conserendus
1419 4200 1467 4253 cst

342 4277 450 4357 Geogr.
473 4280 544 4343 Rav.
567 4301 596 4360 p.
620 4287 681 4350 243
697 4302 741 4363 sq.
773 4290 834 4353 393
850 4303 893 4364 sq.
920 4285 1044 4367 (Pinder
1066 4294 1096 4347 et
1117 4283 1265 4368 Parthen).
1310 4289 1464 4354 Numera·

342 4377 450 4441 bantur
471 4401 542 4444 vero
564 4382 677 4461 lapides
699 4403 714 4444 a
737 4383 830 4446 Roma
853 4387 973 4465 quidem
995 4406 1055 4448 uno
1078 4395 1183 4451 tenore
1205 4407 1301 4469 usque
1323 4389 1361 4450 ad
1383 4392 1466 4454 fines

1154 4669 1170 4715 i,
