3184 5162
550 491 635 552 PARS
658 493 679 552 1.
723 493 831 554 GAPVT
852 495 872 554 l.

608 769 732 856 Pars
767 768 803 855 1.

138 949 321 1024 Historia
356 947 509 1025 Galliae
545 953 809 1030 Narbonensis
844 955 1026 1030 continua
1062 956 1111 1030 ab
1146 957 1265 1033 initiis
1369 1005 1371 1008 -

200 1087 434 1163 constitutae
466 1091 692 1193 provinciae
724 1119 846 1194 usque
879 1092 929 1168 ad
961 1093 1203 1194 imperatoris

374 1272 377 1276 -
478 1227 712 1306 Diocletiani
747 1241 920 1308 aetatem.

636 1439 781 1449 ——-..

614 1568 735 1639 caput
758 1571 791 1626 1.

213 1707 265 1768 De
289 1707 469 1786 provinciae
492 1710 705 1771 Narbonensis
727 1711 824 1772 initiis
848 1721 879 1772 et
901 1731 999 1794 usque
1022 1710 1061 1770 ad
1084 1711 1195 1772 Iulium

542 1810 707 1874 Gaesarem
727 1813 866 1876 historin.

625 1983 777 1992 —a——uu—

225 2101 283 2172 Qui
305 2098 432 2161 Romani
453 2102 572 2180 imperii
598 2119 779 2183 progressus
808 2101 1012 2181 persequitur,
1047 2099 1174 2160 miretur
1200 2101 1261 2160 ior·

135 2211 234 2272 tasse,
260 2200 340 2279 quod
363 2203 542 2263 remotiores
565 2204 684 2281 quidem
707 2205 883 2283 provinciae
901 2201 1131 2270 transmarinae,
1155 2200 1260 2280 Hispa·

136 2307 222 2374 niae,
247 2303 411 2384 illyricum,
442 2304 627 2376 Macedonia,
658 2305 780 2375 Achaia,
809 2306 921 2374 Africa,
952 2303 1034 2373 Asia,
1063 2305 1209 2364 maturius
1231 2305 1261 2363 in

137 2408 205 2468 eius
227 2405 369 2466 ditionem
393 2403 531 2467 redactae
550 2414 620 2468 sunt
642 2425 730 2486 quam
747 2406 839 2469 Gallia
862 2404 1074 2475 meridionalis,
1097 2423 1176 2492 quae
1198 2423 1260 2466 me-

136 2507 186 2570 dia
214 2509 293 2569 inter
321 2505 434 2568 ltaliam
465 2515 494 2568 et
521 2507 693 2589 Hispaniam
721 2511 776 2572 sita
791 2565 793 2569 ,
809 2528 869 2571 ιιοιι
898 2507 996 2569 solum
1025 2507 1060 2568 ad
1090 2507 1262 2586 occupanda

135 2607 257 2688 Alpium
281 2613 311 2669 et
331 2608 554 2689 Pyrenaeorum
581 2612 650 2689 iuga
679 2611 732 2672 sed
762 2613 849 2674 etiam
877 2610 914 2673 ad
935 2610 1095 2690 Hispaniae
1118 2611 1260 2672 securita-

136 2718 199 2773 tem
223 2712 335 2772 summi
357 2719 421 2772 erat
442 2714 594 2794 momenti.
641 2713 730 2775 Cuius
758 2715 804 2775 rei
825 2732 961 2775 caussam
983 2719 1017 2773 ut
1039 2713 1109 2774 satis
1133 2710 1260 2794 explica·

136 2831 252 2883 remus,
277 2813 346 2892 quia
359 2812 487 2876 Romani
508 2816 598 2876 maris
620 2815 731 2876 interni
752 2815 983 2876 dominationem
1004 2832 1064 2875 nnn
1080 2820 1163 2875 certo
1186 2830 1259 2890 quo·

137 2915 207 2976 dam
230 2913 354 2976 consilio
376 2923 465 2994 atque
494 2915 598 2976 ordine
628 2915 706 2978 ultro
736 2917 794 2978 sihi
821 2923 1045 2996 compararunt,
1076 2914 1129 2976 sed
1157 2932 1260 2976 rerum

136 3018 318 3080 necessitate
340 3015 469 3079 oblatam
491 3025 689 3098 acceperunt,
719 3019 887 3079 universam
916 3014 1069 3078 historiam
1096 3015 1260 3078 Romanam

137 3137 264 3181 neeesse
293 3124 372 3179 esset
407 3136 625 3180 enarraremus.
680 3119 765 3192 Quod
799 3137 866 3181 cum
900 3116 989 3178 huius
1017 3117 1086 3178 libri
1117 3136 1177 3178 non
1211 3119 1258 3187 sit,

138 3221 211 3283 satis
234 3219 292 3282 crit
313 3219 557 3291 animadvertere,
581 3240 641 3282 non
663 3223 704 3283 ita
725 3219 832 3283 leviter
854 3223 950 3300 egisse
971 3220 1129 3290 Romanos,
1153 3225 1186 3280 ut
1205 3238 1259 3300 per

136 3341 227 3384 omne
254 3320 327 3382 illud
356 3327 491 3400 tempus,
521 3339 580 3402 quo
609 3321 645 3384 ad
674 3322 876 3394 occidentem,
910 3321 1082 3392 meridiem,
1113 3324 1259 3382 orientem

137 3425 270 3486 victricia
297 3423 434 3484 serebant
462 3443 559 3494 arma,
593 3442 720 3505 prorsus
752 3424 947 3503 neglegerent
975 3431 1141 3485 extremum
1170 3423 1259 3484 maris

136 3523 289 3607 Tyrrheni
310 3526 417 3596 sinum,
442 3527 493 3603 qui
514 3524 632 3606 Alpium
652 3525 767 3586 radices
788 3527 885 3604 iungit
898 3526 1060 3606 Pyrenaeo,
1084 3525 1175 3585 immo
1191 3543 1257 3584 cunr

135 3629 278 3690 universa
299 3625 347 3688 illa
371 3644 423 3687 ora
446 3625 574 3688 obnoxia
597 3633 676 3688 esset
698 3629 807 3688 civitati
830 3646 897 3689 eum
920 3626 1062 3688 Romanis
1077 3625 1257 3695 foederatae,

135 3729 214 3791 hanc
235 3729 337 3808 potius
360 3746 415 3789 eos
439 3735 558 3789 secutos
581 3747 647 3789 esse
671 3730 825 3800 rationem,
849 3737 883 3792 ut
904 3729 1011 3790 foedus
1032 3727 1106 3789 illud
1126 3727 1259 3788 colentes

135 3831 392 3908 observantesque
415 3837 445 3891 et
466 3831 577 3891 arctius
599 3831 630 3890 in
657 3848 750 3891 annos
772 3830 947 3901 reddentes,
977 3831 1048 3892 dnm
1074 3831 1133 3908 ipsi
1162 3830 1259 3890 socios

134 3934 267 3995 nominis
288 3931 414 3993 Romani
436 3931 596 4010 splendore
618 3937 764 4009 tegerent,
790 3951 862 4012 opes
885 3921 1000 4002 eorum,
1024 3933 1258 4011 quotiescunque

137 4053 210 4097 ere
234 4041 330 4103 esset,
353 4034 383 4094 in
407 4051 494 4096 suurn
516 4051 604 4096 usum
633 4041 850 4095 converterent.
895 4036 990 4112 Atque
1011 4032 1117 4110 longae
1144 4049 1257 4092 memo·

137 4138 200 4199 riae
230 4144 295 4196 erat
316 4132 390 4195 hacc
412 4133 614 4196 Romanorum
644 4153 710 4196 cnm
740 4121 974 4196 Massiliensibus
1002 4133 1143 4200 amicitia;
1173 4150 1257 4191 nam·

135 4255 193 4316 qne
222 4239 249 4298 si
276 4235 410 4313 Trogum
438 4233 642 4316 Pompeium¹)
671 4236 770 4306 andis,
800 4237 858 4295 iam
886 4233 1091 4294 Phocaeenses
1118 4231 1176 4302 illi,
1207 4233 1259 4311 qui
1351 4309 1352 4312 Ἴ

201 4457 229 4527 1)
249 4456 351 4510 naun.
368 4456 415 4520 m,
433 4457 458 4508 a.
