3184 5162
354 473 397 536 50
741 468 833 528 ‘PARS
854 469 874 526 l.
918 467 1025 526 clevi
1046 469 1065 526 l.

354 637 465 716 legem,
495 635 546 698 sed
576 637 664 698 etiam
692 642 726 696 ut
752 637 817 716 lpse
845 634 991 696 coloniam
1014 635 1175 698 deduceret
1197 631 1378 716 obtinuit.²⁸)
1424 637 1474 698 At·

354 749 413 819 que
435 740 494 800 iam
516 738 636 800 demum
660 755 729 800 uara
751 739 894 799 existeret
915 737 1015 808 loeus,
1039 737 1091 799 ubi
1112 737 1246 800 Romana
1267 738 1382 817 lngus,
1413 738 1474 798 lio·

354 857 474 903 mantue
494 842 543 902 ius
565 840 665 910 civile,
694 839 820 902 Romani
841 857 941 902 mores
963 839 1078 902 medios
1098 843 1178 903 inter
1199 839 1397 920 provinciales
1419 839 1473 900 bo·

353 945 452 1004 mines
475 950 701 1011 exercerentur,
730 944 788 1003 rite
810 961 827 1003 a
848 943 990 1004 Romanis
1018 949 1162 1023 occupata
1190 952 1255 1004 erat
1280 941 1355 1004 haec
1376 942 1472 1019 regio.

355 1045 439 1107 Siout
465 1052 565 1108 autem
594 1062 669 1123 quae
696 1045 728 1105 in
757 1045 912 1106 Graeciam
940 1043 1066 1106 deducte
1094 1050 1141 1106 est
1166 1043 1329 1107 Corinthus
1357 1043 1474 1104 colonia

354 1145 502 1228 appellata
524 1153 589 1209 erat
611 1147 743 1215 lamonia,
767 1146 913 1226 Carthago
929 1147 1065 1218 Veneria,
1089 1148 1132 1208 sic
1153 1146 1252 1208 Narbo
1273 1147 1305 1206 in
1327 1145 1474 1206 honorem

353 1249 408 1310 ilci
430 1247 547 1320 Martis,
575 1250 627 1328 qui
647 1249 829 1328 provinciam
851 1247 993 1310 Romanis
1016 1255 1253 1330 comparaverat,
1282 1248 1406 1308 Martius
1429 1253 1476 1308 est

354 1349 528 1430 appellatus.
574 1350 688 1412 Civium
711 1369 782 1412 vero
804 1351 1007 1413 Romanorum
1034 1353 1081 1411 ius
1110 1349 1250 1412 habuism
1272 1369 1340 1419 eos,
1369 1350 1474 1428 quiin

354 1450 431 1513 banc
454 1451 599 1513 coloniam
623 1463 659 1513 ex
681 1451 765 1514 ltalia
786 1459 856 1514 sunt
878 1453 1006 1523 deducti,
1029 1460 1063 1512 ut
1082 1453 1147 1532 ipsa
1162 1453 1248 1530 origo
1270 1450 1405 1512 coloniae
1419 1451 1473 1511 do·

355 1559 412 1624 cet,
435 1555 476 1615 ita
499 1553 609 1614 diserte
631 1553 739 1634 probet
760 1554 912 1616 Ciceronis
934 1553 984 1616 ille
1005 1553 1105 1616 locus:
1130 1555 1201 1616 ‘Est
1222 1556 1254 1614 in
1277 1552 1380 1614 eadem
1402 1571 1474 1633 pro·

329 1693 332 1700 -
354 1657 449 1716 vincia
470 1655 570 1717 Narbo
592 1656 724 1725 Martius,
748 1656 863 1718 colonia
886 1663 1059 1719 nostrorum
1081 1653 1256 1734 civium.’²⁹)

439 1759 476 1819 At
496 1763 617 1837 praeter
639 1756 715 1820 hanc
736 1775 826 1819 unam
849 1757 903 1820 ulia
926 1765 990 1820 tum
1012 1759 1133 1838 quidem
1154 1777 1215 1820 non
1238 1765 1284 1820 est
1304 1756 1422 1820 condita
1443 1759 1473 1817 in

354 1857 410 1921 bac
431 1859 584 1939 provincia
606 1879 624 1921 a
644 1859 785 1922 liomunis
808 1859 931 1923 colonia.
978 1861 1055 1922 Dicit
1082 1861 1203 1939 quidem
1225 1855 1367 1937 Livius³⁰)
1391 1858 1472 1920 colo·

354 1964 433 2023 niam
461 1963 551 2042 Aquis
574 1961 685 2024 Sextiis
713 1965 902 2024 constituisse
918 1963 1066 2032 Sextium,
1098 1962 1231 2024 butinam
1254 1961 1380 2030 scilicet,
1405 1979 1473 2023 eum

353 2065 479 2143 Augusti
501 2065 590 2125 ctiam
608 2072 708 2125 aetate
731 2065 873 2145 oppidum
888 2063 1024 2128 Latinum
1043 2071 1123 2125 esset
1144 2063 1218 2125 baec
1239 2066 1349 2132 civitas,
1374 2079 1474 2140 neque

353 2175 481 2246 prorsus
502 2164 632 2228 ahenum
653 2167 759 2228 luisset
787 2187 804 2228 a
825 2166 966 2227 Romanis
992 2166 1050 2227 iam
1079 2165 1159 2227 illius
1185 2168 1289 2228 aetatis
1316 2165 1471 2233 institutis,

355 2268 475 2329 Latinas
498 2267 630 2329 colonias
653 2270 837 2329 constituere
851 2269 930 2328 inter
947 2268 1132 2347 peregrinos,
1158 2267 1236 2329 unde
1251 2273 1355 2348 postea
1370 2266 1472 2346 prodi-

353 2377 423 2432 rent
452 2369 560 2449 oppida
582 2371 688 2430 civium
709 2369 926 2439 Romanorum3
955 2388 1024 2432 nam
1050 2375 1151 2430 extant
1174 2371 1238 2430 eius
1260 2371 1304 2430 rei
1335 2367 1473 2448 exempla

354 2472 550 2549 Agrigentum
584 2468 715 2540 Siciliae,
749 2471 901 2533 conditum
913 2469 949 2550 31)
983 2489 1009 2534 a.
1041 2473 1117 2541 307,
1153 2472 1269 2533 Carteia
1301 2471 1471 2548 Hispaniae,

354 2572 473 2634 condita
505 2591 531 2633 a.
562 2576 633 2639 171.
697 2570 794 2634 Nihilo
831 2580 931 2634 tamen
964 2574 1063 2634 minus
1099 2580 1181 2634 recte
1215 2574 1269 2633 viri
1308 2571 1474 2633 doctissimi

354 2674 468 2753 Madvig
490 2680 521 2734 ct
541 2673 705 2736 Mommsen
726 2673 864 2736 videntur
885 2674 1022 2737 dubitare
1044 2675 1082 2735 de
1097 2673 1200 2736 Latino
1222 2675 1289 2736 inre
1307 2674 1399 2751 Aquis
1414 2674 1473 2733 iam

354 2782 418 2839 tum
442 2776 570 2846 tributo,
598 2778 790 2856 praesertim,
815 2796 883 2839 cum
907 2786 939 2839 ιιι
961 2775 1167 2839 animadvertit
1187 2776 1366 2844 Mommsen,
1391 2773 1473 2834 Livio

354 2879 453 2942 obstet
475 2877 591 2948 Strabo,
615 2872 774 2958 φρουράν
794 2880 856 2940 sive
878 2879 1031 2940 castellum
1053 2877 1205 2958 appellans
1225 2879 1324 2955 Aquas
1345 2875 1471 2940 Sextias.

348 2981 439 3054 Quod
463 2980 607 3042 disertum
630 2980 785 3042 Strabonis
806 2982 1009 3042 testimouium
1036 2981 1227 3042 confirmatur
1248 2978 1375 3040 aliorum
1397 2979 1473 3038 scri-

351 3092 475 3164 ptorum
498 3082 632 3144 silentio:
657 3101 725 3145 nam
748 3100 846 3161 neque
862 3080 991 3143 Velleius
1014 3099 1074 3159 quo
1097 3080 1162 3143 loco
1179 3081 1309 3143 colonias
1331 3079 1472 3140 altoma-
1585 3151 1586 3162 χ

301 3260 303 3264 .
354 3184 401 3246 nis
429 3166 541 3245 liberae
568 3184 751 3263 reipublicae
783 3191 879 3246 aetate
912 3182 1053 3245 deductas
1088 3190 1257 3251 enumerat,
1293 3198 1472 3260 quamquam
1585 3177 1586 3240 l

354 3287 536 3346 mentionem
568 3285 639 3346 iacit
665 3287 817 3364 Aquarum
846 3286 1030 3355 Sentianum,
1065 3285 1143 3365 apud
1179 3303 1252 3362 quas
1279 3283 1387 3344 devicti
1414 3283 1473 3342 sint

355 3385 484 3454 Sallues,
514 3385 585 3447 dicit
606 3385 643 3446 de
666 3387 798 3449 coloniae
820 3387 941 3448 Latinae
963 3388 1044 3458 iure,
1074 3404 1172 3465 neque
1194 3384 1272 3446 bcllo
1295 3385 1472 3453 Teutonico,

354 3505 413 3566 quo
442 3489 550 3548 summi
581 3491 724 3550 momenti
758 3491 864 3550 luisset
898 3488 1012 3550 colonia
1039 3491 1131 3566 Aquis
1159 3489 1268 3549 Sextiis
1301 3488 1471 3554 constituta,
1583 3551 1585 3560 ¹

354 3589 411 3651 alio
434 3589 523 3651 modo
546 3591 657 3650 mentio
685 3592 719 3652 lit
742 3589 835 3652 *huius
860 3590 919 3652 loci
946 3609 1035 3671 quam
1062 3593 1101 3650 ita
1130 3596 1163 3651 ιιι
1184 3586 1361 3651 Plutarchus
1385 3588 1471 3656 dicat,

356 3691 470 3751 venisse
492 3690 642 3752 Teutonas
669 3707 765 3770 usque
788 3692 823 3753 ad
838 3695 937 3770 Aquas
959 3709 1035 3770 quae
1058 3690 1244 3771 appellentur
1267 3691 1395 3759 Sextiae,
1419 3709 1472 3750 ne·

354 3809 413 3870 que
440 3791 568 3870 denique
595 3791 700 3854 Cicero
729 3796 760 3854 in
789 3795 923 3856 oratione
950 3813 1006 3873 pro
1033 3793 1174 3862 Fonteio,
1204 3791 1256 3853 ubi
1282 3791 1351 3872 plus
1379 3790 1473 3852 semel

357 3963 627 3970 ——-——-—---

421 4078 465 4146 38)
485 4079 544 4132 Cio
563 4080 639 4130 Brut.
658 4083 705 4141 43,
725 4083 839 4146 teupro
858 4081 968 4132 Cluent.
987 4083 1028 4142 hl,
1048 4083 1105 4134 140.

421 4163 468 4227 29)
486 4163 544 4215 Cic.
562 4180 612 4230 pro
629 4166 788 4227 Fontei05‚
810 4169 850 4216 13

421 4245 464 4312 30)
485 4247 540 4302 cu.
557 4249 649 4300 locum
667 4265 751 4315 supra
769 4265 798 4299 n.
816 4251 849 4298 20
866 4249 991 4299 allatum.

421 4331 465 4397 31)
483 4331 644 4398 Mommsen,
661 4333 754 4387 Roem.
768 4332 866 4384 Gesoh.
882 4335 906 4392 1,
919 4333 977 4385 699
996 4336 1058 4396 M
1084 4333 1168 4394 Idem,
1186 4331 1281 4386 Roem
1294 4281 1476 4387 Mdneweseu
1583 4327 1584 4370 l

352 4414 402 4464 663
420 4430 447 4464 ιι.
467 4418 490 4465 1.
510 4419 568 4472 669.
