3148 5160
312 465 371 526 194
695 458 779 518 PARS
801 460 830 516 ll.
875 458 982 516 GAPV'l'
1005 459 1034 516 ll.

311 630 445 690 ridemus
467 629 607 706 distingui
630 636 659 690 et
681 628 717 689 ab
740 626 844 688 ordine
861 626 1056 688 decurionum
1080 634 1109 687 et
1131 645 1147 687 a
1169 626 1297 706 populo,
1321 626 1376 687 sed
1400 633 1433 687 ut

310 733 433 792 omniuo
455 749 541 792 rarae
565 737 634 791 suut
655 747 865 808 possessorum
879 730 1088 808 inscriptiones
1111 736 1140 789 et
1158 729 1335 808 posterioris
1351 734 1430 788 aeta·

312 830 427 913 tisffll),
450 835 490 892 ita
513 835 544 893 in
568 838 668 894 nostre
690 832 841 910 provincia
864 830 952 892 modo
975 813 1066 892 uuum
1095 837 1174 892 extat
1200 837 1431 892 monumentum

313 934 393 1014 (epp.
419 954 448 994 n.
473 933 565 1012 575),
596 933 647 994 ubi
675 933 786 993 mentio
814 933 847 992 lit
872 950 1096 1011 possessorum,
1125 934 1215 1009 Aquis
1236 931 1432 1010 Allobrogum

311 1035 585 1115 (Aru-ea-Saooie).
631 1035 687 1107 Qui
709 1035 783 1094 ordo
804 1051 1011 1114 possessorum
1035 1033 1183 1111 quomodo
1211 1040 1256 1094 est
1279 1033 1431 1112 explican-

312 1138 389 1199 dus?
433 1139 626 1199 Possessores
648 1137 769 1216 proprie
798 1141 897 1204 erant,
926 1137 1097 1213 quicunque
1124 1133 1317 1216 possidebant
1343 1151 1453 1212 agros-

311 1241 441 1318 indeque
469 1239 638 1319 pendebant
666 1237 808 1298 tributum
836 1236 907 1306 soli,
935 1237 1064 1315 ideoque
1096 1237 1186 1310 side
1214 1236 1433 1314 distinguendis

312 1343 388 1401 vitae
411 1340 571 1418 generibus
594 1342 705 1418 agitur,
729 1357 920 1419 possessores
943 1345 1028 1400 eraut
1057 1345 1086 1398 et
1107 1338 1217 1418 plebeii
1240 1346 1269 1399 et
1291 1339 1431 1398 decurio·

313 1461 381 1510 nes,
407 1441 494 1501 modo
524 1460 560 1502 ex
588 1441 769 1520 agricultura
798 1448 954 1518 quaestum
981 1439 1144 1501 traherent.
1191 1441 1251 1500 lam
1278 1459 1348 1500 vero
1378 1439 1433 1499 ubi

312 1543 428 1604 ordinis
450 1546 544 1604 instar
567 1563 582 1604 a
605 1543 727 1621 reliquis
756 1543 991 1621 distinguuntur,
1021 1551 1212 1622 opponuntur
1239 1543 1369 1621 primum
1398 1549 1433 1601 ut

312 1647 445 1724 potiores
465 1645 674 1715 inferioribus
703 1646 764 1704 sive
793 1646 829 1704 iis
857 1646 909 1722 qui
937 1663 1016 1705 nuuc
1045 1635 1117 1704 κατ’
1143 1638 1262 1722 ἐξοχήν
1289 1644 1433 1705 dicuutur

312 1746 438 1825 plebeii,
463 1752 655 1826 opponuntur
678 1745 785 1806 deinde
809 1752 839 1806 et
859 1745 984 1825 plebeiis
1007 1752 1037 1806 et
1051 1745 1262 1807 decurionibus
1278 1764 1314 1806 eo
1328 1764 1431 1815 sensu,

314 1855 351 1908 ut.
369 1850 499 1927 potiores
522 1847 642 1924 quidem
665 1849 724 1908 sint
751 1847 839 1926 plebe
862 1849 966 1926 capitis
994 1854 1110 1908 lautum
1138 1848 1250 1908 tributo
1279 1847 1431 1916 adstricta,

312 1951 471 2012 interiores
494 1947 599 2010 ordine
622 1949 833 2018 decurionum,
862 1951 893 2009 in
922 1967 1009 2026 quern
1038 1948 1076 2010 ob
1103 1949 1314 2020 modestiorem
1343 1967 1432 2026 agro·

313 2071 381 2113 rum
409 2052 629 2130 possessionem
658 2069 716 2111 non
745 2050 967 2130 perveniebant.
982 2047 1032 2128 ¹⁰¹)
1077 2050 1162 2121 Quod
1193 2068 1263 2110 vero
1290 2069 1350 2111 non
1375 2053 1435 2111 uisi

312 2156 480 2234 posteriore
503 2158 598 2214 aetate
622 2154 683 2212 sive
706 2152 775 2213 iude
798 2151 834 2212 ab
857 2152 974 2231 Ulpiani
1000 2152 1064 2212 lere
1088 2159 1222 2231 tempore
1250 2170 1432 2212 commemo·

312 2262 395 2316 ratur
429 2257 455 2315 is
488 2273 695 2334 possessorum
724 2254 812 2324 ordo,
846 2254 876 2315 id
910 2255 950 2314 ita
984 2252 1191 2332 explicaveris:
1226 2253 1367 2332 quamdiu
1404 2261 1435 2314 et

315 2360 435 2417 omnino
458 2356 605 2417 llorebant
627 2357 858 2434 municipiorum
881 2375 930 2416 res
953 2363 982 2416 et
1004 2355 1198 2416 decurionum
1217 2355 1290 2415 ordo
1306 2374 1361 2434 pro
1376 2355 1433 2416 bo·

313 2477 387 2519 nore
410 2459 507 2535 potius
531 2464 594 2518 erat
616 2476 706 2538 quarn
728 2476 783 2536 pro
806 2476 908 2528 onere,
929 2448 992 2518 ¹non
1016 2463 1087 2526 erat,
1113 2458 1192 2536 quod
1215 2459 1266 2535 qui
1285 2459 1365 2518 inira
1379 2458 1434 2518 de-

314 2560 469 2620 curionum
492 2577 615 2619 censum
639 2566 738 2628 erant,
767 2559 803 2619 ml
832 2558 1019 2638 suscipienda
1047 2561 1278 2638 municipiorum
1306 2578 1433 2621 munere

314 2660 427 2722 ordinis
448 2663 542 2722 instar
564 2661 806 2729 instituerentur;
830 2667 986 2740 praeterea
1006 2678 1073 2721 curn
1090 2658 1220 2720 libertini
1236 2681 1291 2722 suo
1306 2671 1434 2739 quaestu

314 2780 404 2841 saepe
427 2779 548 2840 magnas
571 2770 780 2842 compararent
801 2764 958 2842 pecunias,
983 2761 1096 2821 modice
1119 2779 1258 2839 agrorum
1281 2766 1433 2841 possessio

313 2864 392 2926 baud
415 2866 514 2942 magni
537 2872 600 2924 eret
622 2867 774 2924 momenti.
806 2865 914 2925 Contra
937 2882 973 2923 ex
996 2881 1054 2940 quo
1076 2865 1159 2923 inviti
1180 2872 1344 2944 coeperunt
1366 2884 1432 2925 mu-

313 2966 455 3045 nicipales
483 2966 709 3027 decurionatum
737 2968 889 3044 suscipere
924 2964 1072 3042 simulque
1099 2966 1306 3028 increscebant
1340 2984 1433 3026 onera

315 3068 351 3128 ab
373 3069 498 3147 imperio
521 3069 657 3147 imposita
679 3069 816 3145 ingenuis
839 3066 995 3128 ditioribus
1018 3087 1054 3128 eo
1075 3069 1224 3145 graviora,
1250 3069 1318 3144 quia
1340 3067 1433 3128 liber-

314 3171 369 3229 tini
392 3168 429 3229 ob
452 3176 560 3229 statum
583 3187 643 3229 non
666 3171 762 3229 omnia
787 3171 939 3248 suscipere
960 3176 1099 3248 poterant
1120 3188 1260 3238 munera,
1289 3171 1347 3230 iarn
1370 3188 1432 3230 non

384 3436 444 3501 100)
458 3437 634 3488 Or.-Henzen
648 3455 672 3488 n.
687 3441 765 3490 3734:
780 3442 844 3490 ordo
855 3456 1068 3506 possessoresque
1080 3441 1297 3498 Briseitlunorum·
1309 3455 1336 3490 n.
1350 3443 1433 3492 3910:

312 3524 493 3590 probatissimo
506 3524 638 3585 defensori
648 3540 697 3588 pro
709 3525 847 3588 insignibus
859 3528 913 3575 eius
925 3541 988 3590 erpa
1000 3528 1124 3586 ordinem,
1142 3541 1305 3590 possessores
1323 3534 1349 3575 et
1363 3529 1433 3576 ciues

315 3610 424 3664 noeriis,-
442 3623 469 3660 n.
487 3609 566 3658 5171:
587 3609 719 3670 defensori
735 3611 833 3659 ordinis
848 3612 1005 3674 possessorii
1017 3613 1164 3676 populique.
1202 3610 1251 3662 eir.
1270 3609 1382 3676 Ulpian.
1404 3611 1434 3660 in

315 3692 369 3743 1.4
392 3692 455 3756 Dig.
476 3693 520 3752 50,
541 3694 570 3741 9:
592 3695 743 3742 medicorum
765 3697 995 3744 constituendorum
1019 3696 1150 3746 arbitrium
1173 3722 1204 3729 —
1225 3697 1375 3758 permissum
1394 3701 1434 3746 est

315 3777 401 3826 ordini
417 3783 442 3825 et
458 3777 649 3840 possessoribus
671 3780 789 3843 cuiusque
811 3781 920 3830 ciuitatis
944 3785 971 3830 et
989 3779 1070 3844 quum
1088 3779 1123 3830 ed
1140 3780 1229 3829 Henz.
1247 3780 1312 3829 5171
1336 3783 1434 3830 notam

316 3860 396 3911 effert
413 3860 564 3911 Mommsen
582 3861 671 3911 locum
689 3862 779 3912 citans
797 3861 862 3912 Cod.
899 3863 1034 3915 Theodos.
1054 3866 1098 3927 11,
1118 3866 1162 3927 15,
1182 3865 1211 3914 2:
1228 3866 1356 3929 potiorum
1374 3872 1433 3914 tan-

314 3954 364 3996 tum
386 3948 416 3996 id
436 3953 475 3995 est
496 3961 671 4009 possessorum
695 3947 805 3997 domibus
829 3950 952 4012 delegatis
970 3968 1016 4005 —,·
1038 3949 1101 4000 daec
1123 3956 1205 3999 autem
1228 3951 1371 4014 adscriptio
1395 3953 1433 4000 in·

312 4033 425 4095 seriores
442 4033 481 4080 uel
498 4030 610 4094 plebeios
627 4046 676 4081 uon
695 4032 795 4081 tenebit.

385 4115 444 4176 101)
462 4112 587 4175 Rudorff,
613 4130 694 4165 roem.
712 4115 887 4166 Feldmesser
905 4120 933 4176 2,
952 4133 978 4182 p.
999 4119 1049 4168 246
1068 4111 1184 4182 conicit,
1204 4119 1333 4170 extitisse
1352 4121 1436 4169 mini·

315 4215 387 4249 mum
406 4199 589 4263 possessionis
612 4199 731 4260 modum,
756 4217 868 4250 censum
892 4201 986 4252 decem
1005 4203 1109 4251 milium
1131 4204 1336 4266 sestertiorum
1361 4205 1437 4268 quod

316 4284 340 4330 si
359 4284 477 4346 accipis,
500 4283 542 4332 illi
560 4299 733 4348 possessores
757 4289 832 4348 sunt,
858 4286 1014 4349 quicunque
1038 4286 1152 4351 praedia
1178 4287 1325 4352 possident
1347 4306 1437 4342 censa

316 4366 501 4416 intenderem
520 4376 548 4417 et
566 4375 675 4419 centum
693 4369 770 4419 milia
787 4371 985 4424 sestertiorum.
