3148 5160
514 358 615 458 'ulos
637 401 666 457 u.
712 401 818 458 curva
840 401 881 458 ru.
1208 404 1268 464 243

146 568 252 629 cadem
281 569 326 628 via
349 567 467 628 Aurelia
495 568 688 646 proficiscens
716 567 752 628 ab
772 569 865 645 Aquis
895 567 1004 629 Sextiis
1032 585 1087 644 per
1109 566 1268 628 Massiliam

143 669 295 732 Arelatem
318 669 516 749 procedebat,
546 671 634 729 tertia
663 687 679 728 a
707 671 770 729 vico
792 670 924 747 Augusto
946 668 1140 746 Allobrogum
1170 669 1266 728 Gena·
1352 735 1356 746 Ι

144 790 211 831 vam
236 771 408 840 devertens
434 777 538 847 quarta
566 773 598 853 in
626 770 728 830 dextra
750 768 888 830 Rhodani
911 771 975 848 ripa
1004 789 1019 830 a
1048 771 1174 830 statione
1197 770 1266 830 Ces·

144 892 256 934 scrone
282 891 338 952 per
366 871 505 932 Lotevam
535 872 659 932 deducta
694 871 729 932 ad
764 878 880 932 montes
909 871 1094 933 Cebennicos
1124 869 1205 951 (app.
1236 890 1266 931 n.

145 976 236 1055 634).

233 1078 326 1149 Quam
351 1075 478 1138 solidum
500 1074 634 1138 laborem
658 1084 687 1135 et
708 1093 796 1153 quam
825 1075 995 1135 continuam
1018 1093 1121 1134 curam
1148 1075 1180 1134 in
1202 1093 1266 1134 mu·

143 1178 264 1240 niendis
286 1196 341 1258 per
363 1185 458 1239 totum
480 1179 639 1256 imperium
663 1178 716 1238 viis
737 1176 863 1238 Romani
884 1175 1101 1254 impenderint,
1130 1195 1190 1236 non
1223 1185 1267 1237 est

144 1280 227 1358 quod
242 1279 360 1358 lougius
376 1298 574 1360 exponamus;
592 1278 718 1340 debebat
733 1287 832 1340 autem
846 1276 920 1338 haec
934 1296 1006 1338 cura
1017 1279 1047 1337 in
1061 1294 1095 1338 ea
1106 1279 1266 1356 provincia,

143 1400 202 1461 per
219 1399 305 1458 quam
322 1383 471 1443 exercitus
481 1383 514 1447 in
528 1382 685 1460 Hispanias
701 1387 731 1440 et
745 1379 918 1440 ulteriorem
931 1379 1054 1440 Galliam
1070 1378 1265 1448 ducebantur,

143 1484 268 1544 maximi
291 1501 358 1544 esse
380 1485 523 1544 momenti
547 1490 634 1560 atque
657 1501 761 1543 revera
782 1480 831 1541 hic
855 1463 1058 1558 quoque'tam
1082 1480 1175 1542 solide
1198 1500 1269 1541 con-

142 1591 259 1646 structa
281 1592 349 1646 sunt
370 1586 478 1646 itinera
500 1584 633 1663 publica,
658 1592 691 1645 ut
715 1590 783 1663 post
810 1591 852 1644 tot
873 1583 943 1643 belli
965 1601 1052 1645 casus
1074 1583 1267 1660 culturaeque

143 1685 204 1746 soli
241 1680 421 1747 mutationes
459 1684 549 1747 hodie
585 1703 703 1763 quoque
742 1688 857 1747 viarum
890 1685 1026 1746 Aureliae
1061 1691 1091 1745 ct
1123 1685 1267 1744 Domitiae

142 1795 260 1849 tractus
287 1807 342 1867 per
370 1787 458 1864 longa
486 1790 579 1866 spatia
608 1787 703 1848 oculis
736 1789 885 1868 possimus
918 1787 1068 1867 persequi.
1119 1784 1270 1865 Incipiunt

143 1897 247 1952 autem
270 1891 321 1967 qui
343 1889 431 1950 bodie
455 1895 556 1950 extant
578 1889 692 1968 lapides
715 1889 751 1950 ab
774 1908 851 1950 anno
873 1907 898 1948 a.
916 1887 1024 1952 Ch.12
1047 1887 1123 1968 (app.
1148 1905 1177 1946 n.
1195 1883 1272 1962 619).

144 1998 178 2051 et
205 1993 416 2053 continuantur
443 2007 539 2067 usque
567 1990 603 2051 ad
632 2009 742 2051 annum
770 2009 798 2069 p.
824 1987 875 2049 Ch.
902 1993 962 2055 435
986 1989 1031 2068 (n.
1056 1985 1150 2066 625).
1180 1996 1268 2063 atque

143 2094 267 2153 nomina
297 2091 440 2153 exhibent
467 2095 684 2172 imperatorum
706 2092 846 2169 Augusti,
871 2089 997 2158 Tiberii,
1022 2088 1149 2158 Claudii,
1172 2088 1267 2148 Nero·

142 2195 210 2264 nis,
238 2195 380 2256 Antonini
408 2195 467 2263 Pii,
497 2195 662 2260 Maximini,
693 2193 855 2262 Valeriani,
885 2190 1049 2260 Aureliani,
1073 2190 1275 2258 Constantini,

143 2295 308 2358 Theodosii
341 2296 469 2373 denique
499 2303 528 2356 et
560 2295 722 2365 Valeriani,
760 2297 838 2355 inter
867 2309 942 2370 quae
977 2293 1116 2353 Antonini
1152 2293 1197 2352 Pii
1241 2299 1270 2351 et

144 2398 331 2459 Constantini
354 2398 474 2459 nomina
496 2416 551 2476 per
573 2415 678 2458 omnes
700 2405 762 2458 tres
777 2398 838 2456 vias
861 2404 1032 2457 occurrunt.
1065 2393 1174 2455 Contra
1198 2394 1268 2454 dua·
1295 2432 1301 2446 ·

143 2517 215 2560 rum
249 2501 362 2560 viarum
391 2498 565 2580 Alpinarum
599 2516 636 2558 ne
669 2517 760 2559 unum
799 2497 918 2576 quidem
951 2496 1078 2576 lapidem
1109 2495 1269 2557 miliarium

142 2601 288 2662 traditum
311 2602 420 2680 reperi.
1084 2670 1086 2674 Ι

148 2759 151 2764 ,
232 2703 296 2773 Qua
319 2709 417 2762 autem
440 2704 556 2763 ratione
571 2703 697 2762 munitio
720 2703 832 2762 viarum
855 2701 1043 2782 publicarum
1065 2701 1095 2760 in
1117 2700 1269 2778 provincia
1326 2689 1328 2694 ’

144 2807 224 2866 facta
248 2805 299 2874 sit,
325 2823 360 2864 ex
389 2805 500 2864 nostris
521 2804 723 2872 monumentis
750 2821 810 2864 non
839 2809 884 2863 cst
911 2804 1106 2882 perspicuum
1133 2819 1189 2862 nec
1211 2803 1268 2861 nisi

120 2925 182 2966 ex
206 2905 375 2967 Italicarum
397 2907 512 2966 viarum
535 2904 672 2984 exemplo
695 2911 724 2964 et
746 2905 821 2964 iuris
844 2903 1015 2964 auctoribus
1037 2907 1135 2981 potest
1157 2899 1265 2977 colligi.

143 3007 232 3070 Unde
266 3007 414 3078 videmus,
450 3009 558 3068 tactam
591 3025 657 3068 esse
690 3006 887 3066 munitionem
919 3007 1033 3065 viarum
1066 3011 1116 3062 aut
1149 3010 1268 3082 sumptu

142 3109 268 3189 publico
289 3117 344 3187 per
367 3109 590 3188 redemptores,
621 3109 729 3186 quibus
758 3125 833 3187 opus
860 3106 1027 3168 faciendum
1056 3102 1266 3172 collocabatur,

144 3220 196 3274 aut
230 3213 366 3271 muneris
398 3211 511 3290 publici
549 3213 665 3271 ratione
698 3211 759 3271 sive
791 3209 958 3288 personalis
991 3209 1052 3268 sive
1086 3206 1266 3284 patrimonii.

142 3313 320 3376 Patrimonii
349 3331 457 3373 munus
486 3319 563 3382 erat,
593 3314 618 3372 si
647 3319 767 3390 sumptu
796 3327 1018 3390 possessorum,
1049 3325 1176 3384 quorum
1205 3308 1268 3383 agri

143 3419 210 3477 viae
233 3412 422 3484 adiacebant,
446 3415 572 3475 munitio
594 3410 804 3474 instituebatur
826 3413 875 3481 ita,
900 3419 932 3472 ut
954 3418 1053 3498 certae
1076 3426 1209 3470 summae
1232 3408 1268 3468 ad

142 3517 271 3580 tutelam
295 3517 356 3596 viae
380 3515 597 3594 impendendae
620 3515 656 3575 ab
678 3517 715 3575 iis
739 3515 945 3591 exigerentur,
970 3529 1044 3590 quae
1068 3512 1092 3572 si
1115 3528 1176 3571 non
1204 3511 1267 3570 sul-

141 3617 302 3687 ficicbaut,
333 3616 452 3696 publice
481 3633 555 3693 quae
585 3617 708 3677 deerant
731 3610 992 3693 explerentur.¹⁷)'
1025 3612 1145 3673 Summa
1168 3618 1268 3672 autem

141 3725 262 3782 viarum
290 3718 478 3798 publicarum
507 3738 577 3780 cura
605 3721 636 3778 in
665 3717 748 3778 ltalia
776 3715 972 3776 mandabatur
989 3717 1076 3775 'viris‘
1097 3715 1267 3792 praetoriis,

141 3820 273 3900 singulis
296 3820 429 3898 singulae
453 3822 515 3880 viae
525 3817 574 3900 18),
598 3821 628 3879 in
650 3818 811 3897 provinciis
833 3815 911 3877 haud
935 3815 1024 3876 dubie
1051 3817 1125 3894 ipsis
1153 3814 1266 3893 pracsi-

141 3924 234 3986 dibus
257 3923 437 4002 provinciae,
468 3924 591 3998 eiusque
615 3927 785 3981 curatorum
807 3921 927 3995 generis
956 3926 1032 3986 erat,
1057 3934 1132 3995 opus
1155 3915 1265 3975 lacien-

141 4077 453 4091 .......—--—

215 4179 259 4241 1⁷)
283 4177 339 4228 sie.
358 4174 479 4227 Flaccus
502 4174 544 4228 ed.
567 4173 681 4225 Lachm.
705 4189 732 4238 p.
752 4173 808 4223 146.
845 4171 1009 4230 Mommsen,
1032 4168 1160 4232 Inscript.
1179 4167 1265 4232 Neep.

141 4263 259 4411 623⁷·18)
278 4345 337 4397 Cir.
355 4345 502 4410 Borghesi,
521 4343 671 4394 Burbulcio
688 4358 715 4407 p.
734 4340 843 4391 28-35.

1002 4421 1064 4488 16*
