3184 5162
340 447 381 510 34
800 443 1002 504 Pboouulvll.

340 631 405 673 eam
428 613 618 674 securitatem
640 631 802 692 quaerere,
832 630 920 690 quam
950 631 1047 692 neque
1075 614 1206 692 propriis
1228 611 1340 673 viribus
1362 631 1461 692 neque

338 713 490 793 perleges
506 713 663 778 habebant.
695 714 780 785 Quod
796 723 895 776 autem
911 716 949 776 de
963 715 1152 777 contionibus
1168 722 1269 776 narrat
1285 711 1460 792 Strabo¹⁰⁶),

338 816 467 897 populus
496 818 548 895 qui
575 817 612 878 ad
642 835 692 877 eas
719 816 929 886 conveniebat,
965 837 1025 878 non
1053 816 1241 897 plebeiorum
1268 815 1356 878 turba
1385 825 1458 885 erat,

338 936 427 997 quam
448 937 546 998 neque
568 918 678 979 andere
708 918 870 996 quidquam
897 938 951 998 per
978 937 1010 980 se
1033 935 1131 996 neque
1154 918 1207 979 ulli
1228 918 1364 979 adhiberi
1386 937 1459 978 con·

338 1021 403 1082 silio
427 1021 535 1082 Caesar
557 1016 702 1096 dicit¹⁰⁷),
732 1021 785 1081 sed
807 1022 881 1081 ordo
905 1023 1054 1098 equitum,
1085 1022 1137 1100 qui
1158 1020 1312 1083 clientium
1333 1039 1458 1082 suorum

339 1121 526 1184 multitudine
549 1123 611 1182 nixi
632 1122 775 1202 populum
804 1124 948 1200 cuiusque
977 1124 1102 1184 civitatis
1124 1121 1352 1185 constituebant
1399 1123 1458 1184 Gu-

337 1225 384 1285 ius
411 1223 515 1304 popuii
543 1224 638 1302 qualis
666 1225 747 1285 iuxta
774 1243 877 1304 regem
910 1226 1043 1304 potentia
1073 1226 1179 1295 luerit,
1213 1232 1314 1286 utrum
1340 1223 1458 1302 legibus

338 1328 562 1406 circumscripta
584 1345 621 1386 an
645 1345 701 1388 usu
724 1333 838 1388 tantum
866 1330 992 1396 sancita,
1022 1345 1083 1388 nou
1111 1326 1253 1388 traditum
1280 1335 1334 1388 est.
1358 1361 1401 1372 -—
1422 1326 1457 1386 ln

337 1427 418 1490 hunc
439 1431 529 1507 igitur
551 1447 654 1490 rerum
677 1436 785 1490 statum
808 1449 876 1490 cum
898 1429 1066 1490 inciderent
1087 1429 1217 1490 Graecae
1239 1433 1333 1497 artes,
1364 1427 1455 1489 Grae·

337 1549 442 1592 corum
465 1531 685 1600 commercium,
710 1547 787 1608 quae
808 1531 877 1592 inde
899 1531 1003 1592 clienta
1026 1539 1072 1591 est
1093 1532 1236 1591 mutatio?
1272 1528 1456 1609 incipiebant

337 1631 483 1710 agricolae
505 1633 611 1694 olivam
639 1649 741 1692 serere
770 1640 800 1693 et
829 1635 915 1693 vitem
939 1641 1113 1712 putarent
1139 1632 1263 1693 meliore
1285 1631 1340 1692 hac
1366 1647 1455 1708 agros

337 1733 453 1796 colendi
475 1736 590 1795 ratione
614 1733 749 1794 condicio
771 1733 868 1814 plebis
890 1734 996 1795 melior
1019 1753 1078 1796 non
1101 1744 1147 1795 est
1173 1735 1259 1795 lacta.
1298 1731 1456 1795 Discebant

336 1835 488 1915 paullatim
504 1833 608 1897 Gallici
624 1838 740 1914 equites
756 1837 870 1898 Graeca
886 1836 994 1915 lingua,
1019 1836 1140 1897 Graecis
1156 1835 1262 1896 litteris
1285 1835 1337 1903 uti,
1354 1833 1453 1912 splen·

336 1937 420 1999 didas
442 1938 626 1999 Graecorum
648 1957 765 2000 merces
788 1957 898 2009 emere,
922 1947 952 2000 at
972 1939 1030 1998 vita
1046 1957 1151 1999 eornm
1173 1940 1204 1998 in
1228 1936 1273 1996 iris
1294 1935 1386 1996 rebus
1401 1953 1455 2014 po·

336 2041 483 2102 tissimum
506 2046 617 2100 mutata
640 2047 698 2110 est,
725 2047 756 2101 ut
779 2042 846 2102 rino
868 2039 984 2101 lucilius
1005 2039 1185 2117 gauderent,
1208 2048 1242 2100 nt
1264 2057 1331 2098 cum
1355 2044 1454 2098 essent

335 2140 482 2220 splendidi
505 2148 628 2202 ornatus
651 2149 681 2202 et
709 2142 844 2203 luxuriae
874 2142 1060 2221 cupidiores,
1090 2144 1121 2202 in
1148 2141 1195 2202 his
1223 2157 1341 2219 quoque
1362 2139 1453 2200 rebus

335 2242 452 2322 plenius
474 2244 573 2303 animo
596 2263 650 2303 suo
673 2243 873 2321 indulgerent,
898 2251 930 2304 ut
952 2252 1051 2304 essent
1073 2244 1202 2322 denique
1224 2243 1400 2322 pacatiores
1423 2248 1453 2300 at

334 2343 460 2406 ulterius
487 2345 633 2422 proficere
662 2345 693 2404 in
727 2345 909 2405 Graecorum
942 2364 1060 2406 morum
1090 2347 1251 2407 imitatione
1287 2351 1317 2404 et
1350 2361 1452 2404 rerum

334 2445 522 2525 publicarum
545 2447 691 2506 rationem
713 2453 830 2506 mutare
852 2464 950 2525 neque
971 2449 1106 2527 ipsorum
1122 2447 1274 2509 Gallorum
1295 2447 1448 2514 intererat,

333 2565 432 2625 neque
455 2546 684 2608 Massiliensium
707 2549 871 2609 commodis
892 2549 922 2610 id
944 2549 1135 2610 inserviebat.
1178 2550 1271 2609 m-
1284 2547 1396 2608 dixeris
1410 2581 1452 2591 -

333 2649 408 2712 duas
431 2648 536 2710 saltem
558 2655 648 2719 artes,
673 2667 748 2727 quae
771 2651 808 2712 ad
830 2649 947 2712 civilem
969 2652 1059 2712 vitam
1079 2652 1199 2712 maximi
1214 2650 1358 2711 momenti
1372 2656 1450 2718 sunt,

333 2771 350 2811 a
372 2753 494 2814 Graecis
516 2750 592 2813 Galli
614 2751 798 2822 didicerunt,
824 2751 981 2814 mocnIbus
1004 2752 1095 2814 urbes
1118 2754 1238 2831 cingere
1261 2758 1291 2811 et
1312 2751 1452 2832 proprios

299 2852 301 2856 ’
333 2869 473 2914 nummos
496 2855 623 2931 signare,
648 2861 736 2932 atque
758 2855 785 2915 si
806 2853 982 2936 Thierryum
992 2852 1042 2932 108)
1065 2853 1160 2924 audis',
1183 2856 1310 2935 primam
1332 2852 1453 2933 quidem

333 2975 369 3016 ex
391 2957 428 3018 iis
450 2957 565 3018 artibus
587 2959 696 3018 summi
717 2974 822 3018 revera
844 2956 923 3036 apud
945 2957 1046 3018 Gallos
1068 2958 1210 3018 momenti
1232 2957 1324 3017 luisse
1347 2953 1451 3015 crede·

332 3078 390 3120 ree.
437 3059 523 3130 Quod
547 3061 625 3119 enim
649 3056 814 3136 Gaesar¹⁰⁹)
839 3059 1025 3138 Orgetorigis
1054 3060 1172 3138 incepta
1197 3075 1323 3120 narrans
1345 3055 1448 3117 Helve-

332 3162 442 3221 tiorum
465 3160 544 3222 lmnc
566 3162 731 3239 principem
759 3161 870 3222 lretum
899 3159 1050 3222 clientium
1078 3160 1267 3222 multitudine
1294 3159 1324 3220 id
1353 3161 1452 3237 egisse

332 3263 380 3330 ait,
405 3269 438 3322 ut
460 3280 561 3322 eversa
578 3263 764 3340 optimatium
779 3263 911 3341 potentia
929 3279 1055 3340 regnum
1071 3265 1252 3332 restitueret,
1275 3259 1451 3341 popularem

331 3362 428 3443 plebis
451 3363 581 3423 urbanae
604 3381 673 3423 eum
696 3371 810 3424 motum
833 3365 926 3425 fuisse
948 3364 1075 3444 Thierry
1104 3363 1171 3425 sibi·
1186 3365 1337 3443 persuasit
1358 3381 1451 3442 oppo·
1479 3452 1480 3455 Ἴ
1578 3359 1581 3386 ¹

332 3466 420 3525 situm
450 3466 635 3543 optimatium
665 3464 875 3535 dominationi,
906 3483 981 3543 quae
1009 3465 1146 3544 agricolis
1168 3467 1358 3545 potissimum
1383 3465 1452 3524 nixa

331 3567 377 3626 sit.
424 3565 508 3636 Quod
532 3567 556 3626 si
580 3585 683 3626 verum
705 3574 802 3636 esset,
832 3587 892 3628 nou
920 3570 950 3628 in
973 3566 1083 3629 Gallica
1106 3569 1222 3628 civitate
1245 3585 1311 3627 esse
1334 3565 1387 3626 tibi
1410 3567 1452 3624 vi·

331 3666 460 3735 dereris,
491 3668 543 3727 sed
571 3655 606 3728 in
629 3668 783 3746 republica
814 3668 926 3730 Graeca
954 3668 999 3729 vel
1026 3669 1168 3730 Romana.
1213 3671 1250 3730 lt
1272 3669 1394 3728 minime
1418 3685 1452 3728 ea

331 3768 510 3830 Gallicorum
543 3769 722 3849 oppidorum
756 3771 831 3831 ratic
865 3778 943 3839 erat,
978 3778 1010 3831 ut
1036 3770 1122 3849 plebs
1151 3771 1263 3832 urbana
1290 3769 1332 3830 ibi
1361 3776 1450 3836 esset,

398 4055 459 4124 106)
483 4056 582 4108 Strabo
604 4060 629 4108 4.
653 4074 679 4123 p.
701 4059 764 4109 19⁷:
790 4055 867 4110 ἴδιον
889 4053 922 4109 di
941 4050 973 4110 τὸ
996 4049 1032 4109 ἐν
1054 4061 1128 4118 τοῖς
1151 4055 1356 4123 συνεδρίοις
1380 4071 1453 4125 συμ-

331 4139 435 4208 βαῖνον
452 4159 477 4196 κ.
495 4159 519 4194 τ.
538 4143 562 4194 l.

399 4227 459 4290 107)
478 4224 562 4288 Caes,
581 4221 608 4278 b.
628 4245 655 4293 g.
674 4229 703 4293 6,
723 4232 763 4283 13.

398 4311 457 4374 108)
476 4312 594 4377 Thierry
613 4316 645 4376 2,
664 4315 721 4365 116.

398 4395 459 4461 100)
477 4395 561 4447 Caes.
579 4397 606 4448 b.
628 4413 655 4462 g.
675 4399 705 4460 1,
723 4399 749 4447 2.
766 4398 792 4447 4.
