3154 5162
549 465 630 523 PARS
652 468 672 522 Ι.
716 465 822 522 CAPVl’
843 465 873 523 11.
1207 469 1283 532 103'

144 633 229 710 quod
251 651 277 693 a.
302 639 343 699 44
373 633 484 693 diserte
512 632 640 694 traditur
669 634 838 693 coniunctio
865 633 1085 711 provinciarum
1108 633 1267 713 Hispaniae

145 743 178 796 et
201 735 417 803 Narbonensis,
447 754 471 794 a.
498 740 538 801 49
565 753 625 795 non
648 736 790 802 traditur,
821 741 849 794 et
877 734 956 812 quod
984 741 1048 795 tum
1071 734 1191 811 quidem
1214 753 1266 795 ne·

145 839 313 898 cessarium
338 836 432 897 videri
454 836 572 908 debuit,
602 843 635 896 nt
656 839 698 907 is,
723 838 771 897 cui
798 835 923 898 ulterior
946 835 1039 897 Gallia
1066 836 1186 896 vixdum
1214 856 1265 917 pa-

145 947 215 1000 cata
237 955 336 1016 neque
360 957 396 998 ex
419 940 501 999 omni
522 947 606 1018 parte
624 945 687 999 tuta
709 938 910 1007 mandaretur,
934 937 1160 1000 Narbonensem
1183 941 1268 1018 quasi

144 1041 292 1121 praesidii
321 1047 351 1100 et
373 1041 483 1118 refugii
505 1041 571 1102 loco
593 1039 726 1101 baberet.
779 1041 917 1101 Ceterum
941 1041 1019 1117 quod
1043 1060 1059 1100 a
1080 1039 1162 1101 Livio
1185 1039 1265 1118 lega·
1360 1127 1362 1130 ι

144 1151 201 1204 tus
222 1143 360 1203 Caesaris
381 1142 489 1203 dicitur
512 1142 545 1202 0.
569 1141 695 1210 Brutus,
726 1149 808 1202 recte
838 1143 983 1220 suspicari
1012 1141 1128 1202 videtur
1150 1142 1265 1221 Zumpt,

144 1262 260 1306 nomen
282 1243 428 1322 praesidis
450 1251 513 1304 tum
536 1261 655 1322 quoque
676 1245 707 1303 in
730 1242 823 1304 Callia
846 1243 937 1304 luisse
959 1261 1052 1322 penes
1072 1244 1172 1322 ipsum
1194 1243 1265 1304 Cae·

145 1365 258 1408 sarem.
303 1347 340 1406 lt
361 1346 420 1406 iam
443 1364 468 1404 a.
494 1351 534 1412 47
558 1347 693 1422 sequitur
721 1342 771 1404 illa
798 1345 834 1404 de
861 1346 1024 1424 provinciis
1051 1343 1114 1420 lex,
1144 1362 1180 1403 ex
1209 1361 1267 1421 qua

144 1451 181 1508 in
211 1447 270 1508 duo
298 1463 408 1524 genera
436 1447 547 1508 divisae
575 1454 645 1507 sunt
673 1447 858 1525 provinciae,
893 1447 1020 1507 alterum
1054 1445 1265 1515 consularium,

144 1551 237 1610 cuius
259 1568 276 1609 a
298 1556 417 1617 senatu,
442 1549 661 1627 praetoriarum
684 1547 825 1617 alterum,
855 1549 940 1610 cuius
968 1567 983 1608 a
1007 1548 1133 1608 Caesare
1160 1547 1265 1607 decer-

145 1659 295 1712 nerentur
310 1657 452 1712 rectores.
461 1647 497 1731 ⁷⁷)
531 1651 594 1711 lam
615 1668 686 1710 vero
710 1651 825 1710 etiamsi
846 1669 885 1710 ne
907 1650 944 1710 de
966 1649 1023 1712 hcc
1046 1649 1165 1727 quidem
1188 1664 1266 1709 anno

146 1755 201 1814 cui
222 1751 424 1813 Narbonensis
447 1754 592 1831 permissa
615 1753 653 1812 sit
675 1751 785 1812 diserte
802 1751 942 1821 traditur,
968 1751 1186 1814 eCaesarianis
1208 1749 1265 1810 sal-

144 1863 213 1915 tem
235 1855 396 1934 provinciis
419 1873 483 1914 eam
505 1855 598 1914 luisse
620 1853 690 1912 inde
720 1860 858 1932 apparet,
888 1853 981 1930 quod,
1013 1859 1046 1912 ut
1074 1845 1215 1920 diximus,
1240 1871 1264 1911 a.

146 1963 194 2022 44
216 1956 304 2018 simul
327 1975 394 2016 cum
417 1956 559 2034 Hispania
582 1957 723 2034 citeriore
750 1955 786 2014 M.
811 1954 936 2015 Aemilio
958 1953 1071 2034 Lepido
1101 1973 1118 2014 a
1141 1954 1266 2014 Caesare

146 2059 270 2120 decreta
300 2064 352 2118 est.
367 2053 404 2136 ⁷⁸)
454 2057 584 2137 Lepidus
611 2063 725 2124 autem,
761 2056 811 2132 qui
840 2056 925 2115 initio
954 2056 1023 2115 anni
1051 2060 1092 2119 44
1121 2054 1265 2120 Caesaris,

146 2160 304 2220 dictatoris
327 2159 360 2228 V,
383 2161 524 2237 magister
548 2159 682 2235 equitum
704 2158 817 2226 suerat,
843 2175 878 2216 eo
901 2164 1051 2235 tempore,
1076 2172 1134 2233 quo
1158 2154 1266 2214 Caesar

146 2262 268 2322 occisus
291 2267 350 2330 est,
374 2261 505 2322 nondum
529 2259 641 2321 abierat
667 2262 697 2320 in
720 2259 916 2338 provinciam,
946 2257 1050 2318 sedin
1074 2274 1109 2316 eo
1133 2261 1211 2323 erat,
1234 2261 1267 2314 ut

147 2365 332 2432 exercitum,
356 2379 444 2442 quem
468 2380 569 2424 secum
590 2369 674 2422 trans
696 2359 785 2439 Alpes
807 2359 944 2429 duceret,
969 2365 1036 2420 ante
1057 2364 1160 2438 portas
1181 2356 1267 2418 urbis

146 2471 279 2541 cogeret.
311 2465 433 2525 Constat
454 2463 562 2524 deinde
584 2481 622 2524 ne
645 2465 744 2523 occiso
767 2463 887 2542 quidem
909 2461 1067 2529 dictatore,
1092 2461 1177 2521 cuius
1199 2476 1265 2518 cae-

146 2566 197 2626 dis
220 2573 324 2626 testem
347 2584 415 2626 eum
436 2567 529 2626 luisse
550 2565 644 2626 refert
658 2563 836 2626 Plutarchus
847 2559 899 2640 78),
925 2563 1021 2623 statim
1046 2579 1080 2621 ex
1099 2560 1182 2622 ltalia
1206 2560 1266 2619 sive

147 2686 188 2728 ex
210 2666 285 2728 urbe
308 2686 377 2729 eum
400 2669 524 2736 exiisse,
555 2667 606 2726 sed
636 2668 767 2745 primum
794 2665 824 2726 id
849 2661 960 2742 egisse,
991 2671 1022 2725 ut
1050 2680 1117 2725 cum
1139 2661 1266 2723 Antonio

145 2771 208 2849 ipsi
230 2771 417 2838 conveniret,
441 2769 513 2847 quid
535 2769 642 2845 cuique
660 2766 812 2827 'commodi
841 2785 877 2825 en
899 2764 980 2826 illius
1006 2765 1151 2843 temporis
1179 2761 1266 2824 turba

147 2877 328 2932 eventurum
357 2879 444 2932 esset.
458 2865 496 2948 88)
542 2869 626 2940 Quod
660 2885 727 2929 cum
756 2867 944 2946 perfecisset,
979 2865 1050 2926 abiit
1082 2863 1202 2943 quidem
1235 2863 1266 2920 in

146 2973 348 3054 provinciam,
378 2972 431 3032 sed
458 2991 514 3051 per
543 2989 631 3031 omne
658 2977 793 3048 tempus,
822 2987 882 3047 quo
911 2986 975 3028 eam
1004 2964 1142 3043 regebat,
1165 2964 1266 3042 potius

147 3092 227 3152 quae
249 3072 386 3134 initalia
408 3074 528 3143 fierent,
552 3080 621 3134 ante
636 3072 745 3135 ,oculos
767 3067 895 3130 habebat
917 3085 1005 3144 quam
1027 3067 1122 3145 ipsius
1143 3064 1263 3143 provin-

147 3178 214 3237 ciac
237 3192 302 3244 res,
333 3173 370 3234 de
398 3173 507 3251 quibus
535 3173 610 3234 nihil
639 3173 778 3240 traditur,
807 3171 866 3230 uisi
894 3189 919 3230 a.
944 3173 983 3234 43
1006 3166 1152 3245 Lepidum
1181 3161 1263 3224 et'L.

146 3278 314 3339 Munatium
329 3275 488 3344 Plancum,
512 3274 662 3336 ulterioris
677 3272 788 3336 Galliae
804 3270 986 3351 praesidem,
1011 3288 1027 3329 a
1050 3273 1155 3328 senatu
1169 3267 1267 3326 iussos

147 3396 217 3440 esse
240 3395 334 3457 prope
358 3376 542 3438 confluentes
564 3377 666 3437 Araris
688 3381 717 3434 et
738 3372 876 3435 Rhodani
898 3369 1045 3433 coloniam
1068 3367 1212 3438 condere,
1235 3368 1267 3427 in

147 3497 240 3558 quam
262 3480 450 3559 reciperetur
473 3496 508 3538 ea
522 3476 714 3554 Allobrogum
735 3493 820 3556 pars,
846 3490 922 3550 quae
944 3475 975 3532 in
997 3474 1117 3531 interna
1139 3467 1266 3546 quadam
1331 3527 1334 3533 .

147 3583 217 3643 eius
239 3582 364 3642 civitatis
387 3580 534 3642 seditione
558 3579 680 3658 expulsa
697 3597 713 3638 e
729 3579 840 3638 Vienna
861 3575 893 3634 in
915 3573 964 3636 illa
979 3574 1101 3654 regione
1117 3571 1266 3649 refugium

147 3684 346 3760 quaesiverat.
361 3677 398 3760 81)
429 3680 633 3742 Condiderunt
654 3680 744 3757 igitur
765 3676 809 3737 illi
821 3675 1036 3754 Lugudunum,
1061 3672 1140 3750 quod
1161 3677 1267 3753 postea

147 3785 242 3847 totius
263 3785 435 3863 provinciae
458 3782 612 3843 ulterioris
634 3787 724 3860 caput
744 3781 831 3840 foret.

217 4069 262 4135 ll)
279 4069 334 4120 Dio
351 4069 399 4134 ta,
418 4071 460 4120 20.

216 4153 262 4218 ts)
279 4154 333 4206 Dio
350 4155 396 4213 43,
415 4153 457 4204 51.

217 4240 262 4303 ts)
280 4238 353 4289 Plut.
373 4235 454 4290 Caes.
472 4237 514 4288 67.
865 4288 868 4304 ν

215 4323 262 4388 80)
282 4321 339 4373 cfr.
359 4321 515 4385 Drumann,
534 4320 628 4369 Rocm.
647 4316 748 4370 (iesch.
768 4315 919 4380 1,14-16.

215 4406 262 4473 81)
282 4405 361 4470 Quod
372 4407 427 4456 Dio
439 4406 482 4469 46,
495 4406 528 4456 50
546 4404 622 4466 dicit,
635 4405 763 4454 senatum
780 4401 843 4451 ideo
860 4403 973 4465 praeter
984 4396 1118 4448 Plancum
1131 4395 1264 4463 Lepidum
