3124 5168
309 456 370 518 260
688 452 773 510 PARS
794 453 825 510 ll.
869 453 976 510 CAPVT
998 453 1039 510 ill.

309 622 430 700 ticipem
455 638 518 681 eam
540 618 681 682 redderet
702 620 963 682 administrationis
984 619 1129 699 publicae.
1173 619 1335 698 Perpessae
1358 626 1429 680 sunt

310 725 445 784 nationes
468 723 585 801 imperii
605 721 746 792 Romani,
769 740 829 783 non
852 725 936 800 quasi
964 741 1050 794 suum
1082 729 1237 800 expertae,
1267 720 1428 782 salutarem

308 824 392 886 illum
421 824 521 903 legum
544 824 743 886 Romanarum
772 825 926 895 ellectum,
955 823 1113 886 subierunt
1138 827 1206 885 novi
1234 825 1353 903 imperii
1375 823 1428 884 he-

310 928 415 988 nelicia
438 946 497 987 non
520 927 618 987 minus
641 944 730 1005 quam
752 927 940 988 incommoda
962 929 1046 1006 quasi
1077 928 1261 987 extrinsecus
1288 927 1429 1004 imposita

310 1048 407 1110 neque
437 1048 568 1109 unquam
597 1029 752 1090 desierunt
778 1029 927 1108 publicam
957 1028 1242 1090 administrationem
1262 1026 1428 1088 Romanam

310 1133 422 1192 sentire
443 1139 595 1212 tamquam
618 1150 694 1192 onus
716 1130 839 1192 devictis
860 1132 1034 1192 iniunctum.
1070 1131 1136 1191 Non
1158 1130 1284 1190 dixerim
1305 1132 1429 1190 invitam

308 1234 532 1296 Narbonensem
554 1253 673 1313 passam
696 1251 761 1294 esse
783 1235 916 1294 instituta
938 1253 955 1294 a
975 1232 1049 1293 lolio
1065 1233 1189 1295 Caesare
1210 1231 1376 1293 liberaliter
1399 1238 1429 1292 et

309 1335 392 1414 large
415 1335 537 1405 donata,
561 1354 659 1415 neque
682 1336 866 1413 negaverim,
889 1333 971 1412 leges
992 1333 1200 1413 municipales,
1230 1352 1306 1414 quae
1328 1335 1428 1412 primo

309 1456 338 1515 p.
364 1437 416 1499 Ch.
442 1435 560 1498 saeculo
588 1436 740 1509 valebant,
769 1456 828 1498 non
859 1439 930 1498 satis
957 1434 1084 1515 amplam
1111 1435 1280 1497 libertatem
1309 1435 1427 1496 dedisse

309 1538 542 1617 provincialibus
563 1541 699 1618 proxima
723 1558 775 1600 sua
798 1538 1036 1607 administrandi;
1067 1557 1164 1617 neque
1193 1559 1210 1598 a
1230 1536 1349 1617 publica
1372 1539 1428 1598 im·

310 1649 485 1720 peratornm
513 1641 767 1701 administratione
799 1642 894 1702 omnis
922 1640 1025 1702 aberat
1052 1641 1207 1718 aequitatis
1235 1639 1366 1700 studium
1398 1647 1429 1699 ct

239 1804 241 1809 .
311 1762 384 1804 eura
405 1745 537 1824 ipsarum
560 1743 780 1821 provinciarum
803 1761 905 1804 caussa
932 1749 1084 1821 suscepta,
1113 1749 1202 1820 atquc
1230 1749 1260 1802 et
1285 1748 1427 1822 patrono·

310 1864 378 1906 rum
405 1845 478 1906 illud
505 1847 672 1906 institutum
702 1850 731 1905 et
760 1846 842 1904 venia
874 1844 923 1904 illa
952 1845 1020 1904 data
1049 1844 1207 1905 acursandi
1232 1842 1428 1922 proconsules

307 1947 429 2027 probat,
459 1948 631 2008 interfuisse
654 1965 767 2016 eorum,
789 1965 883 2026 penes
905 1965 980 2026 quos
1001 1965 1150 2008 summum
1174 1951 1237 2006 erat
1258 1945 1426 2014 arbitrium,

309 2051 387 2111 tueri
409 2048 559 2110 subiectos
581 2049 618 2109 ab
634 2049 904 2110 administrantium
919 2050 1045 2110 iniuriis.
1077 2051 1114 2110 At
1129 2047 1207 2108 aliud
1224 2055 1282 2116 est,
1305 2044 1428 2126 publica

310 2153 444 2212 instituta
466 2153 604 2232 imposita
627 2170 688 2212 non
709 2151 834 2211 invitum
855 2153 1006 2231 recipere,
1037 2149 1115 2212 aliud
1138 2157 1243 2230 sponte
1267 2166 1427 2228 capessere

309 2260 339 2313 et
365 2253 459 2314 libere
488 2252 587 2314 colere
616 2260 645 2312 et
673 2271 830 2322 exercere;
866 2260 895 2314 at
922 2255 1056 2332 proxima
1084 2251 1133 2312 illa
1160 2251 1303 2313 limitibus
1336 2253 1444 2312 nimis·

308 2357 440 2433 angustis
462 2354 677 2435 comprehensa
701 2362 800 2426 crant,
826 2372 914 2432 quam
937 2372 1013 2432 quae
1041 2354 1176 2415 altiorem
1206 2355 1310 2415 animis
1337 2354 1427 2432 spiri·

307 2464 371 2516 tum
392 2465 515 2535 possent
535 2457 653 2526 indere;
678 2464 707 2517 at
728 2457 881 2535 demptum
901 2459 1016 2536 patriae
1038 2463 1068 2518 et
1089 2456 1176 2518 liberi
1188 2455 1293 2536 populi
1314 2472 1427 2516 nomen

307 2576 367 2617 non
391 2560 593 2637 compensavit
613 2577 695 2620 mera
719 2560 851 2636 aequitas
875 2575 968 2636 eaque
990 2565 1104 2619 temere
1127 2560 1257 2621 exercita
1281 2564 1311 2617 et
1331 2563 1366 2618 ut
1387 2557 1426 2617 ab

306 2659 392 2719 initio
414 2677 520 2738 parum
543 2667 625 2722 certo
648 2659 789 2730 stabilita,
813 2662 854 2720 ita
869 2662 1035 2740 posteriore
1050 2666 1184 2740 tempore
1205 2678 1331 2740 prorsus
1352 2659 1425 2720 sub·
1453 2641 1460 2654 ⁸

307 2759 374 2822 lata.
420 2762 579 2832 Dixeront,
602 2761 726 2822 Romam
748 2763 806 2821 iam
835 2763 968 2823 evenisse
995 2781 1183 2823 communem
1212 2763 1343 2824 omnium
1370 2779 1425 2840 pa·

307 2865 409 2932 triam,
434 2872 464 2924 at
483 2882 588 2926 revera
611 2882 669 2925 non
695 2869 758 2924 erat
779 2865 838 2924 nisi
861 2881 979 2933 eorum,
1009 2866 1061 2941 qui
1088 2883 1123 2924 ex
1153 2863 1325 2943 municipali
1353 2882 1426 2922 con-

307 2963 423 3026 dicione
445 2967 476 3026 in
499 2985 631 3027 summos
654 2965 774 3028 ordines
796 2967 974 3026 transierant
995 2965 1123 3043 indeque
1145 2964 1313 3045 imperandi
1340 2973 1428 3025 erant

305 3069 480 3146 participes,
506 3075 593 3146 atquc
617 3074 754 3146 exempto
776 3069 977 3146 insignissimo
999 3085 1118 3147 quoque
1140 3085 1175 3128 ex
1199 3065 1373 3151 condicione
1395 3075 1428 3126 et

305 3168 475 3248 municipali
498 3175 528 3228 et
549 3169 723 3248 provinciali
746 3167 869 3248 reliquls
893 3188 928 3229 eo
951 3171 1044 3248 magis
1066 3170 1176 3230 restitit
1202 3167 1264 3229 sola
1287 3167 1426 3228 condicio

304 3267 439 3347 parendi.
485 3270 566 3342 Quae
589 3273 718 3332 comita
741 3277 849 3340 essent,
873 3269 946 3330 nihil
968 3273 1026 3332 iam
1050 3279 1128 3340 erat,
1151 3270 1230 3349 quod
1252 3269 1424 3349 impediret,

307 3371 465 3446 quominus
487 3372 671 3434 increscente
695 3372 958 3434 administrationis
980 3372 1117 3452 publicae
1139 3371 1233 3442 mole,
1263 3389 1339 3449 quae
1368 3389 1422 3430 na·

307 3479 375 3532 tura
402 3490 455 3532 sua
483 3474 637 3535 serebatur
666 3475 702 3535 ad
733 3473 945 3536 absumendam
978 3472 1146 3535 libertatem
1178 3475 1423 3552 municipiorum,

307 3574 402 3632 omnis
424 3575 468 3632 rei
490 3575 676 3654 municipalis
699 3583 858 3655 apparatus
885 3595 1001 3637 merum
1029 3577 1261 3637 instrumentum
1290 3577 1426 3635 eveniret

307 3675 432 3752 imperii.
477 3675 627 3736 Potuisset
654 3677 683 3736 id
712 3678 865 3757 impediri,
895 3679 921 3738 si
942 3677 1173 3756 provincialibus
1195 3676 1271 3738 ultra
1295 3678 1424 3736 munici-

303 3774 372 3855 pale
393 3777 440 3836 ius
467 3778 600 3838 instituta
629 3797 768 3840 concessa
802 3787 901 3840 essent
921 3779 1113 3859 provincialia
1141 3779 1282 3839 liberiora
1312 3784 1341 3838 et
1366 3797 1425 3857 per

306 3896 340 3937 ea
363 3885 443 3938 certa
466 3879 611 3956 quaedam
634 3882 766 3956 quamvis
788 3883 926 3942 restricta
947 3883 978 3940 in
995 3883 1083 3943 totius
1097 3882 1217 3961 imperii
1230 3880 1423 3940 administra·¹

306 3979 385 4039 tione
417 3998 502 4058 pars:
541 3999 643 4042 verum
677 3989 710 4042 ut
741 3980 822 4042 omui
854 3989 988 4061 tempore
1028 3983 1096 4043 talia
1132 3985 1268 4044 instituta
1304 3982 1422 4042 difficil-

303 4080 374 4142 lima
404 4083 435 4141 in
463 4083 577 4158 magnis
603 4085 737 4162 imperiis
767 4089 836 4144 suut
869 4084 988 4152 ellectu,
1017 4085 1058 4144 ita
1091 4085 1122 4144 in
1148 4086 1339 4164 antiquorum
1366 4103 1423 4164 po·

303 4181 442 4260 polorum
474 4183 618 4260 institutis
646 4185 766 4244 omnino
799 4183 882 4245 locus
912 4204 972 4245 non
1007 4191 1071 4245 erat
1104 4185 1249 4246 eiusmodi
1280 4185 1424 4266 publicae

303 4285 456 4360 potestatis
482 4285 643 4362 partitioni.
694 4286 809 4346 Dixeris
835 4288 905 4346 satis
938 4304 1043 4348 novam
1061 4288 1165 4348 'luisse
1195 4294 1224 4348 et
1257 4287 1426 4349 inauditam

303 4382 384 4443 illam
405 4385 524 4463 imperii
545 4385 669 4445 Romani
692 4386 832 4457 formam,
857 4403 914 4465 qua
940 4394 1020 4449 totus
1043 4387 1280 4470 comprehensus
1304 4397 1351 4452 est
1374 4410 1426 4452 or·
