3154 5162
353 460 414 520 144
436 431 442 440 ’
547 414 549 419 ’
743 451 825 509 raus
847 452 877 508 n.
921 451 1028 508 unrvr
1050 452 1068 507 r.

353 622 423 700 quid
447 621 558 690 obstet,
588 635 647 696 quo
675 619 773 678 minus
802 636 870 679 cum
893 616 1044 694 Scaligero
1073 614 1162 697 (apud
1188 617 1259 676 Anv.
1283 634 1313 696 p.
1338 613 1407 691 120)
1433 620 1458 674 et

353 722 482 784 Uckerto
505 721 630 798 aliisque
651 720 753 796 Nyons
775 738 844 781 eum
865 719 965 781 locum
988 736 1054 780 esse
1077 719 1271 797 accipiamus,
1294 716 1457 804 praesertim

354 843 422 885 oum
445 842 521 903 quae
542 824 621 882 inter
641 822 837 883 Arausiouem
860 830 889 882 et
912 821 1011 896 Nyons
1039 827 1085 880 est
1105 821 1204 898 regio,
1238 817 1325 879 bodie
1351 835 1459 895 quoqne

353 927 468 987 dicatur
489 929 518 986 te
541 924 696 984 Tricastini.
743 923 828 994 Quod
851 924 876 984 si
898 924 937 983 ita
960 941 992 982 se
1014 920 1117 991 habet,
1142 921 1298 982 Tricastini
1319 936 1410 997 aeque
1430 935 1459 977 ac

354 1029 480 1090 Cavares
503 1032 661 1104 angustum
684 1025 807 1086 limitem
830 1043 847 1084 a
868 1023 993 1085 meridie
1016 1025 1249 1103 septentrionem
1273 1040 1377 1082 versus
1403 1011 1480 1081 ten?

355 1131 474 1190 dentem
498 1126 641 1189 tenebant
662 1128 758 1204 iisque
780 1125 957 1187 tribuendus
986 1132 1031 1188 est
1058 1141 1152 1205 pagus
1173 1123 1315 1186 Aletanus
1339 1124 1412 1204 (app.
1434 1140 1457 1181 n.

355 1228 442 1310 448),
466 1231 605 1310 quoniam
628 1227 675 1289 bic
697 1227 813 1298 titulus,
837 1226 889 1288 ubi
911 1228 1022 1288 mentio
1051 1228 1115 1287 eius
1137 1226 1183 1296 lit,
1212 1231 1352 1304 repertus
1374 1224 1461 1285 estin

355 1334 420 1393 vico
446 1331 615 1406 Toulipaoa
637 1348 732 1410 prope
755 1330 976 1407 Noviomagum.

439 1433 482 1494 Ex
506 1433 679 1493 Tricastinis
708 1432 850 1493 transitus
878 1439 924 1492 est
950 1430 987 1492 ad
1014 1435 1215 1502 Vocontios3
1244 1446 1373 1507 quorum
1400 1443 1463 1504 ager

357 1535 520 1596 secundum
549 1553 598 1602 ea,
630 1551 705 1611 quae
732 1535 790 1594 iam
820 1535 1025 1612 exposuimus,
1053 1534 1094 1593 ita
1121 1534 1180 1593 iam
1207 1531 1362 1600 delinitur,
1393 1537 1422 1590 ut
1449 1546 1462 1587 a

356 1637 559 1716 septentrione
581 1653 636 1714 pro
659 1635 786 1694 termino
808 1633 915 1696 habeat
929 1634 1057 1704 lsaram,
1081 1633 1238 1695 ameridie
1254 1640 1371 1694 montes
1394 1633 1461 1693 Vea-

356 1745 428 1798 toux
451 1744 480 1798 et
501 1737 595 1808 Lare,
623 1735 658 1797 ab
683 1737 797 1796 oriente
826 1736 932 1797 lluvios
954 1737 1126 1798 Druentiam
1155 1740 1185 1796 et
1205 1735 1304 1808 Broc,
1331 1735 1368 1795 ab
1392 1735 1463 1794 occi·

357 1839 446 1900 dente
468 1839 592 1900 limitem
614 1837 698 1898 illum
720 1839 783 1916 agri
804 1838 976 1908 Tricastini,
1001 1841 1053 1916 qui
1073 1856 1089 1898 a
1110 1837 1288 1914 Noviomago
1307 1838 1463 1914 Augustam

356 1941 458 2002 tendit.
505 1939 586 2000 lnter
608 1958 682 2019 quos
704 1941 849 2000 terminos
872 1940 985 2001 Plinius
1007 1940 1079 2000 dicit
1100 1957 1166 2000 esse
1188 1938 1247 1998 duo
1270 1939 1381 2017 capita,
1405 1938 1464 1996 Va·

357 2044 514 2112 sionem,
546 2043 668 2116 Volson,
692 2059 767 2119 quae
791 2041 906 2102 colonia
935 2040 1042 2102 dicitur
1063 2039 1138 2101 lulia
1159 2042 1291 2118 Augusta
1313 2040 1465 2101 Vocontio-

356 2163 423 2206 rum
451 2162 518 2223 app.
549 2162 578 2204 n.
604 2148 680 2213 434,
715 2143 883 2222 respublica
911 2143 1084 2204 Iuliensium
1112 2146 1243 2212 na433,
1277 2161 1311 2202 ac
1339 2141 1465 2202 Lucum

357 2246 527 2324 Augusti,
550 2245 785 2317 Luc-cabima
809 2247 899 2306 situm
921 2245 957 2306 ad
973 2246 1105 2306 Drunam
1121 2239 1249 2325 (Brome)
1273 2245 1465 2322 superiorem,
1552 2261 1553 2268 ¹

358 2355 388 2426 et
409 2345 517 2426 oppida
538 2346 679 2424 ignobilia
701 2347 893 2425 undeviginti.
940 2347 983 2408 Ex
1012 2345 1120 2426 quibus
1148 2345 1265 2425 oppidis
1293 2343 1466 2423 ignobilibus

358 2451 415 2508 iam
444 2446 499 2508 sub
527 2448 632 2526 primis
658 2448 889 2526 imperatoribus
917 2448 954 2509 ad
983 2447 1116 2509 coloniae
1137 2446 1258 2509 Latinae
1290 2449 1337 2508 ius
1368 2446 1467 2507 elatam

359 2548 484 2610 vidimus
506 2547 652 2609 coloniam
674 2549 781 2610 licam
803 2550 1005 2629 Augustam
1029 2550 1105 2631 (app.
1128 2570 1158 2612 n.
1183 2549 1271 2629 460),
1295 2551 1365 2622 llic,
1389 2550 1467 2609 sitam

358 2649 394 2710 ad
417 2650 547 2710 lironem
576 2650 719 2720 mediam,
749 2668 847 2729 neque
876 2653 972 2714 solum
1001 2671 1036 2712 ex
1064 2654 1293 2731 inscriptionum
1322 2651 1469 2712 Romanae

358 2753 461 2812 aetatis
484 2751 687 2822 multitudiue,
712 2753 765 2814 sed
788 2755 875 2814 etiam
892 2773 927 2816 ex
943 2755 1047 2814 notitia
1061 2755 1296 2833 provinciarum,
1320 2753 1372 2813 ubi
1388 2767 1475 2837 prae-1

358 2862 403 2915 ter
432 2855 590 2916 Vasionem
622 2872 682 2915 non
711 2853 810 2916 Lucus
839 2857 963 2934 Augusti
992 2861 1257 2924 commemoratur,
1292 2854 1343 2914 sed
1374 2854 1470 2914 civitas

358 2957 534 3026 boensium,
557 2958 748 3035 perspicuum
771 2965 830 3026 est,
855 2958 946 3019 Deam
968 2977 1037 3019 mox
1060 2958 1251 3036 insigniorem
1267 2957 1360 3018 luisse
1377 2955 1470 3020 Luco;

358 3061 430 3136 quin
459 3060 546 3119 etiam
574 3076 641 3118 cum
670 3075 746 3135 quae
778 3059 809 3118 in
835 3061 1029 3138 inscriptione
1059 3067 1160 3120 nostra
1189 3079 1219 3121 n.
1243 3064 1324 3128 450,
1354 3061 1471 3138 reperta

359 3161 446 3240 Deae,
463 3167 714 3222 commemoratur
732 3162 833 3221 civitas
851 3162 1072 3231 Vocontiorum,
1096 3160 1170 3223 nibil
1185 3162 1264 3224 aliud
1289 3179 1356 3222 esse
1378 3159 1471 3241 possit

359 3277 446 3338 quam
469 3261 529 3321 lica
543 3262 688 3340 Augusta,
712 3261 789 3323 banc
811 3264 959 3323 civitatem
981 3266 1071 3324 tertio
1093 3283 1122 3344 p.
1140 3262 1191 3324 Cb.
1210 3262 1329 3324 saeculo
1343 3264 1472 3342 primum

357 3365 435 3422 inter
458 3363 616 3425 Vocontios
643 3364 742 3426 locum
772 3362 936 3426 obtinuisse
965 3373 1101 3444 apparet,
1124 3364 1229 3442 idque,
1257 3383 1326 3426 cum
1348 3365 1413 3427 Dea
1440 3360 1474 3424 ad
1552 3403 1553 3414 η

351 3463 545 3555 ἱΐνθιῃιεηῑθιη
568 3468 643 3527 viam
664 3465 813 3545 publicam
836 3467 891 3527 sita
914 3473 1007 3536 esset,
1031 3469 1117 3527 Vasio
1140 3475 1240 3528 autem
1267 3466 1304 3528 ab
1329 3485 1363 3528 ea
1388 3466 1472 3526 dista·

360 3572 419 3636 ret,
450 3565 534 3628 facile
563 3567 834 3647 comprehenditur·
880 3568 961 3630 Inter
989 3567 1103 3646 reliqua
1132 3568 1238 3629 deinde
1265 3567 1331 3635 loca
1361 3569 1474 3628 minora
1551 3605 1553 3662 p

359 3668 469 3727 eminet
491 3686 584 3748 pagus
606 3671 887 3731 Vertacomocorum
912 3668 996 3748 (Plin.
1021 3675 1056 3739 3,
1079 3670 1146 3748 21),
1175 3671 1260 3730 ouius
1281 3687 1394 3730 nomen
1424 3667 1473 3727 ho·

359 3768 406 3828 die
429 3785 548 3847 quoque
570 3771 647 3848 gerit
668 3772 750 3849 regio
772 3771 851 3832 inter
874 3771 965 3832 Deam
994 3778 1023 3832 et
1043 3771 1155 3834 Isaram
1184 3773 1253 3842 sita,
1282 3771 1334 3831 ubi
1361 3771 1475 3832 invenis
1552 3821 1553 3824 ,

357 3872 439 3932 vicos
461 3871 504 3932 St.
520 3871 853 3951 Agnou-en-Vercors,
876 3873 921 3934 Lo
937 3872 1302 3950 Obapcllc-en-Vercors,
1325 3873 1370 3932 St.
1387 3874 1476 3933 Mar·
1552 3863 1553 3948 l

358 3977 491 4034 tta-ea-
505 3974 646 4052 Vercors,
676 3973 720 4034 St.
745 3975 1082 4036 Julian-ea-Vcrcors.
1127 3975 1231 4054 Neque
1263 3973 1363 4036 solum
1399 3975 1477 4035 bunc

358 4092 466 4154 pagum
494 4074 572 4135 Deae
600 4075 755 4146 tribueris
790 4076 843 4137 sed
871 4095 908 4136 ex
936 4078 1098 4138 itinerariis
1129 4093 1248 4154 quoque
1281 4075 1340 4137 huc
1377 4076 1476 4137 trabas

358 4178 553 4239 mutationem
575 4177 779 4238 Darentiacam
803 4178 874 4256 (itin.
899 4196 928 4256 p.
953 4185 1030 4247 554;
1054 4175 1207 4238 Suillates?
1228 4175 1344 4257 Lapie),
1378 4197 1477 4240 remo·

358 4285 418 4338 tam
446 4278 482 4339 ab
503 4280 635 4356 Augusta
657 4295 696 4339 m.
718 4299 748 4359 p.
771 4279 813 4349 X,
841 4279 940 4339 aliea
962 4277 1035 4339 XVI.
1087 4278 1129 4340 nd
1159 4278 1271 4339 Lucum
1302 4278 1415 4340 deinde
1445 4294 1476 4339 es

359 4375 463 4440 eodem
486 4379 638 4442 itinerario
667 4378 934 4461 Hierosolymitano
964 4379 1007 4460 (p.
1032 4388 1094 4448 554
1116 4381 1176 4460 sq.)
1199 4381 1313 4442 reseras
1333 4385 1477 4444 mutatio·

1445 4657 1450 4668 ·
1549 4541 1553 4750 l
