3154 5162
500 484 584 542 PARS
605 484 636 542 ll.
680 484 787 542 CAPVT
809 485 827 542 I.
1158 487 1219 550 123

24 717 26 722 ,
115 669 162 712 nes
175 651 337 713 Hosverbas
360 650 431 733 (itin.
450 650 568 713 Hieros.
590 647 760 730 552,1)9“)
783 653 843 712 sire
860 652 1022 714 Usuervam
1041 650 1109 732 (tab.
1122 649 1218 732 Peut.)

115 753 158 814 XV
177 772 212 814 m.
230 771 257 832 p.
282 772 298 814 a
318 751 457 814 Narbone
466 749 516 832 ¹⁰),
540 753 635 814 XXIII
657 773 673 814 a
697 754 863 815 Carcasone
886 759 1031 814 remotam
1054 753 1129 835 l‘au
1138 772 1220 830 pas-

114 872 177 930 sope
196 857 235 916 du
256 857 394 916 ruissean
416 852 556 916 d'Ionrre
577 872 615 915 on
636 854 792 916 d'Iourve’
821 857 891 917 Xnv.
916 875 945 934 p.
971 853 1048 934 726)
1073 863 1102 916 et
1123 854 1218 916 Liuia·

115 975 173 1017 nam
195 955 288 1038 (tab),
319 976 357 1017 m.
381 975 409 1036 p.
433 956 487 1017 XII
517 976 533 1018 a
556 957 737 1027 Carcasone,
767 955 806 1018 XI
834 957 871 1018 ab
900 957 1217 1020 Usuervadistantem

115 1059 206 1139 (prope
229 1059 389 1136 Capenda,
413 1058 524 1120 Uekert
546 1063 580 1128 2,
605 1064 638 1128 2,
664 1057 745 1136 408),
769 1061 831 1118 viae
854 1057 1030 1138 Hispanicae
1052 1059 1088 1119 ad
1111 1061 1216 1120 Vieen·

115 1162 209 1222 omum
232 1162 306 1242 (itin.
328 1162 396 1220 Ant.
421 1165 492 1230 397,
517 1166 552 1229 3;
578 1179 673 1241 prope
695 1164 727 1220 lo
749 1157 871 1239 Polme),
895 1161 1022 1223 sortasse
1045 1163 1133 1223 etiam
1155 1161 1217 1222 Sal-

113 1261 182 1324 sulas
204 1262 257 1339 (lb.
284 1265 363 1331 389,
387 1268 421 1330 4;
451 1261 584 1341 Salees),
615 1280 690 1339 quae
713 1261 792 1322 XXX
815 1280 853 1322 m.
876 1280 906 1340 p.
936 1262 1084 1324 distabant
1106 1283 1123 1324 a
1144 1263 1217 1324 Nar·

112 1362 180 1423 boue
203 1371 230 1424 et
251 1381 363 1424 nomen
386 1363 536 1425 duxeruut
557 1384 573 1425 a
596 1364 686 1434 sonte,
710 1382 800 1443 quem
821 1382 881 1424 nou
898 1362 1034 1424 dulcibus
1057 1365 1109 1425 sed
1133 1365 1219 1425 salsis

113 1467 186 1542 aquis
207 1465 367 1526 defluxisse
390 1465 461 1525 dicit
475 1465 559 1527 ltlela.
606 1465 739 1545 Denique
762 1466 827 1526 fieri
848 1472 956 1545 potest,
980 1473 1013 1527 ut
1029 1467 1133 1528 eodem
1148 1486 1218 1546 per·

23 1641 24 1644 ¹
113 1567 193 1629 lineat
219 1571 306 1629 statio
335 1567 509 1636 Combusta,
541 1585 629 1645 quam
655 1569 842 1630 Itinerarium
870 1569 1010 1652 Antonini
1035 1574 1111 1638 397,
1136 1574 1156 1632 4
1177 1587 1216 1628 m.
1303 1638 1313 1656 .

111 1687 134 1746 p.
156 1669 278 1739 XXXIV,
302 1671 488 1730 itinerarium
509 1672 660 1748 Aquarunr
681 1669 895 1750 Apollinarium
919 1669 1050 1751 (Henzou
1073 1689 1101 1731 n.
1125 1670 1218 1750 5210)

111 1769 206 1833 XXXII
227 1791 243 1833 a
266 1771 405 1833 Narbone
428 1772 498 1833 dicit
519 1772 638 1832 aluIsse.

185 1875 404 1942 Baeterrae,
433 1871 574 1945 Be'ztere
604 1872 674 1950 de'p.
696 1875 734 1934 de
752 1872 922 1949 l’He'ranlt,
950 1873 1023 1934 urbs
1048 1872 1121 1936 Iulia
1143 1873 1217 1936 Ilae-

21 2053 22 2056 ,
111 1979 196 2038 terrae
219 1975 248 2057 (i
273 1994 341 2054 app.
366 1976 458 2053 epigr.
483 1994 513 2036 u.
539 1971 605 2053 82),
636 1977 723 2036 statio
750 1983 835 2036 erant
856 1976 919 2036 viae
942 1974 1094 2048 Domitiae.
1140 1977 1218 2053 Ager

21 2071 23 2078 ’
110 2078 263 2138 seeundum
287 2095 369 2137 mare
392 2075 470 2138 haud
492 2079 532 2137 ita
555 2077 630 2136 latus
652 2078 747 2155 potuit
773 2095 854 2146 esse,
885 2094 954 2136 oum
982 2078 1127 2137 orientem
1151 2095 1215 2137 ver-

21 2257 22 2262 *
109 2196 154 2240 sus
175 2179 208 2240 ad
231 2179 355 2240 lluvium
378 2179 521 2238 Araurem
547 2178 635 2258 (Mela
658 2183 692 2245 2,
717 2185 745 2244 5.
775 2176 848 2238 Plin.
875 2182 908 2245 3,
933 2185 970 2246 5;
994 2175 1137 2257 Heroon)
1162 2179 1217 2239 sita

21 2311 22 2366 5
110 2289 198 2341 esseut
219 2282 281 2343 duo
304 2280 411 2359 oppida
426 2275 539 2349 Latina,
565 2281 700 2349 Cessero,
725 2279 779 2340 XII
796 2278 882 2360 (Ant.)
907 2281 967 2340 sive
983 2278 1050 2340 XIII
1073 2277 1217 2360 (Aq.1lp.)

21 2387 22 2448 ζ
108 2399 141 2440 m.
155 2401 182 2462 p.
207 2383 395 2445 aBaeterris
417 2389 541 2450 remota,
567 2389 596 2442 et
618 2382 774 2450 Piscenae;
800 2387 904 2442 contra
926 2381 1091 2442 seeundum
1107 2381 1218 2443 Orbem

109 2483 183 2562 (llela
206 2490 241 2555 2,
259 2492 295 2552 5;
322 2482 388 2564 Orb)
413 2485 599 2562 superiorem
622 2483 687 2545 fieri
709 2489 817 2563 potest,
841 2490 875 2544 ut
896 2482 1023 2562 amplius
1045 2485 1136 2546 luerit
1158 2490 1216 2544 ter·

106 2587 250 2656 utorium:
277 2604 344 2666 nam
368 2585 405 2646 ab
427 2583 482 2646 hae
505 2591 590 2664 parte
612 2586 691 2646 inter
712 2585 898 2655 Narbonem,
924 2585 1134 2656 Carcasouem,
1159 2583 1215 2646 Lo·

107 2693 193 2748 teram
215 2688 269 2748 lati
291 2693 393 2766 patent
415 2687 521 2765 campi.

20 2773 22 2778 Χ
182 2792 441 2858 Cesseronem,
477 2806 552 2866 quae
581 2795 610 2848 et
637 2789 700 2866 ipsa
728 2790 842 2848 Araura
869 2788 939 2849 olim
969 2788 1106 2849 audiebat
1135 2788 1215 2868 (Ant.

107 2895 176 2962 389,
200 2891 250 2972 4),
281 2892 324 2952 St.
352 2889 480 2968 Tbibe'ry
502 2890 591 2951 bodie
620 2908 685 2951 esse
713 2889 841 2966 ideoque
864 2890 900 2950 ad
923 2891 1072 2951 sInistram
1095 2890 1217 2949 Arauris

21 3065 22 3068 Ἴ
105 2993 189 3072 rIpam
214 2995 303 3056 sitam
326 2993 418 3053 luisse
444 2993 648 3062 consentiunt,
679 2993 730 3068 qui
759 2990 796 3051 de
813 2989 872 3056 vhis
900 2990 991 3051 rebus
1013 2991 1216 3070 quaestionem

20 3071 22 3122 3
105 3094 309 3164 Instituerunt,
338 3112 436 3173 neque
459 3097 557 3154 minus
579 3101 695 3154 eertum
718 3092 848 3161 videtur,
879 3092 957 3169 quod
988 3098 1017 3151 et
1038 3093 1135 3170 ipsum
1159 3092 1216 3151 iam

20 3187 22 3228 ³
105 3193 231 3259 Valesius
246 3216 277 3277 p.
297 3201 355 3262 451
374 3194 519 3275 probavit,
542 3197 724 3258 Piseenas
747 3193 834 3255 Plinii
848 3193 922 3254 nibil
945 3192 1024 3256 aliud
1046 3187 1217 3271 essequam

104 3295 231 3358 Pe'zenos
257 3299 433 3378 (orrondiss
457 3295 605 3376 Be'zr'ers),
629 3299 680 3377 qui
702 3296 785 3358 loeus
800 3297 969 3356 recentiore
985 3313 1102 3374 quoque
1122 3302 1217 3356 aetate

20 3383 22 3480 ᾖ
104 3399 230 3462 eiusdem
254 3398 341 3461 lanae
363 3406 510 3478 proventu
532 3400 656 3477 insignis
680 3406 738 3468 est,
764 3414 852 3475 quam
874 3395 988 3458 Plinius
1009 3394 1109 3457 laudat
1132 3395 1214 3478 (blst.

20 3483 690 3580 '·mem-mpmmt
1176 3562 1177 3565 .

180 3602 358 3664 Lotevam
388 3601 510 3671 deiude,
540 3620 629 3680 quam
657 3608 777 3680 praeter
799 3599 942 3670 Plinium,
972 3600 1024 3679 qui
1050 3599 1218 3661 Lutevanos

20 3695 21 3742 3
103 3702 158 3764 sire
185 3699 504 3781 Foroneronienses¹¹)
534 3702 668 3762 nominat
699 3700 827 3770 incolas,
863 3700 962 3762 tabula
990 3701 1218 3779 Pentingeriana

20 3819 21 3822 .
101 3805 404 3824 Η--υ--ι--ι

164 3855 214 3921 9a)
233 3858 269 3908 In
287 3837 406 3914 eitandis
424 3855 578 3905 itinerariis
593 3854 713 3919 paginas
726 3853 865 3918 sequimur
876 3853 1126 3918 Wesselingianas‚
1146 3867 1218 3917 quae

20 3965 22 4006 J
102 3937 169 4004 apud
187 3941 338 3992 Pinderum
357 3954 464 4005 quoque
483 3943 664 4005 apponuntur.

164 4025 205 4088 10)
219 4025 287 4076 XVI
298 4023 448 4076 seeundum
460 4023 595 4087 tabulam,
608 4022 657 4074 sed
669 4024 758 4072 minus
772 4027 858 4086 reete,
873 4038 933 4073 eum
942 4021 1080 4073 itinerarii
1089 4034 1218 4070 mensuro

102 4107 274 4160 confirmetur
290 4111 399 4160 nomine
418 4110 548 4159 stationis
567 4107 603 4158 ad
615 4108 796 4158 Tricesimum
809 4110 839 4160 it.
852 4123 878 4172 p.
893 4108 951 4170 551,
967 4109 1006 4158 10.
1025 4131 1059 4140 -
1079 4106 1219 4156 Usuernam

20 4197 21 4244 1
100 4189 165 4256 legit
182 4194 326 4256 Mannert3
347 4193 487 4244 Iloueruom
504 4193 598 4252 habet,
618 4191 666 4256 qui
683 4207 771 4257 nuper
784 4190 921 4241 Gallicam
940 4190 997 4240 tab.
1011 4191 1092 4240 Peut.
1111 4193 1218 4254 partem

101 4273 245 4328 ediderunt
262 4279 294 4328 L.
314 4277 417 4329 Renier
435 4282 463 4328 et
480 4277 512 4330 A.
530 4277 629 4340 Moury
648 4276 753 4339 (Revue
773 4272 893 4325 arehdol.
914 4276 980 4325 1864
1000 4272 1038 4338 pl.
1056 4273 1114 4336 IL).

164 4361 206 4424 11)
231 4363 358 4414 NomInis
376 4363 457 4414 huius
476 4377 576 4413 caussa
594 4363 692 4428 ignoto
711 4363 766 4422 est,
789 4360 844 4409 nisi
866 4359 938 4408 forte
961 4373 977 4408 a
995 4356 1087 4408 Plinio
1107 4357 1219 4408 adultur

99 4446 128 4494 ut
143 4444 332 4501 denominatio
353 4447 388 4498 ab
407 4445 574 4513 imperatore
591 4446 701 4500 Nerone
720 4442 809 4494 iud-ita
828 4446 856 4494 et
874 4457 925 4494 sua
945 4444 1039 4494 aetate
1057 4445 1200 4508 usurpata.
