3154 5162
510 489 593 545 mas
615 488 644 545 n.
688 488 794 564 clava
817 487 837 543 1.
1167 491 1225 550 141

125 671 186 744 quo·
208 663 340 734 tempore
373 673 389 715 a
423 653 513 716 Galba
545 653 691 715 formulae
723 653 926 714 Narbonensis
956 654 1125 731 provinciae
1158 661 1228 712 sunt

125 757 245 816 adiectae
257 757 358 838 .(Plin.
384 762 418 826 3,
443 753 493 833 5),
523 775 590 817 cum
620 762 705 817 antea
727 753 845 834 Alpium
867 755 1079 816 Maritimarum
1102 756 1227 815 luissent

124 859 175 918 iam
195 877 209 918 a
231 858 349 918 Nerone
365 857 447 917 Latio
471 857 661 927 donatarum,
686 875 808 918 necesse
831 864 876 918 est
896 855 1012 918 Latium
1034 857 1092 916 iam
1114 849 1225 916 habue-

124 960 189 1029 rint,
211 967 298 1037 atque
326 978 394 1020 cum
417 958 548 1028 Diniam,
577 957 723 1020 redditam
752 965 815 1018 tum
838 956 962 1037 Alpibus
983 957 1152 1026 Maritimis,
1181 957 1226 1016 in·

104 1068 106 1073 '
123 1061 265 1122 veniamus
281 1063 311 1122 in
327 1061 431 1121 notitia
446 1061 667 1139 provinciarum
681 1062 728 1122 ius
743 1061 868 1120 civitatis
882 1057 1008 1128 babere,
1032 1057 1105 1119 nihil
1120 1057 1225 1127 obstat,

124 1165 292 1238 quominus
315 1160 438 1223 aGalba
461 1163 519 1222 iam
542 1161 643 1241 oppidi
657 1161 754 1222 Latini
776 1163 842 1221 iure
864 1162 1052 1221 constitutam
1075 1179 1140 1220 eam
1162 1177 1227 1220 esse

124 1262 310 1325 admittamus
327 1300 369 1308 -
384 1262 555 1324 Reiensium
578 1271 676 1324 autem
700 1269 730 1323 et
749 1262 932 1323 Diniensium
955 1263 1019 1340 agri
1042 1279 1109 1322 cum
1130 1260 1227 1321 ultimi

41 1385 44 1394 ¹
124 1375 212 1426 essent
243 1367 429 1444 provinciae,
463 1362 553 1425 huius
587 1365 729 1425 terminos
761 1363 921 1425 orientales
952 1362 1010 1423 hoc
1041 1364 1104 1424 iere
1138 1362 1226 1422 modo

122 1469 252 1529 traxeris:
265 1467 266 1472 ’
278 1465 314 1527 ab
338 1468 420 1527 ostiis
442 1467 511 1526 Vari
532 1468 630 1526 statim
646 1465 830 1527 occidentem
851 1483 956 1526 versus
978 1463 1166 1526 rellectentes
1187 1466 1227 1524 ita

122 1566 152 1627 ad
173 1570 288 1628 Vcrdoa
310 1577 340 1628 et
361 1567 434 1628 Asse
454 1566 559 1628 fluvios
574 1565 793 1639 conducebant,
818 1575 850 1628 ut
871 1575 901 1626 et
916 1565 1024 1628 Salinia
1041 1562 1227 1644 (Casteltone)

122 1675 148 1727 et
167 1669 312 1732 Sanitium
335 1667 449 1748 (Senes)
473 1688 489 1728 e
516 1670 667 1748 provincia
695 1668 942 1737 excluderentur;
972 1670 1096 1729 traiecto
1119 1666 1226 1727 deinde

121 1769 199 1832 llurio
220 1773 295 1832 Asse
316 1787 411 1849 usque
434 1770 471 1830 ad
494 1769 677 1831 conduentes
705 1770 865 1832 fluviorum
886 1770 1046 1831 Druentiac
1073 1780 1103 1829 et
1128 1769 1228 1846 Ubuye

121 1873 292 1949 sequebatur
306 1880 433 1934 tractum
457 1873 602 1933 montium
619 1873 669 1950 qui
691 1872 831 1933 dicuntur
853 1875 885 1933 lu
899 1873 1063 1946 Montanae
1077 1871 1177 1932 Nouae
1198 1878 1227 1929 et

25 1971 27 2062 ᾗ
120 1975 327 2050 iudicatoque
349 1973 497 2035 Bluocbc.

25 2095 27 2162 j
194 2076 386 2155 Transgressi
409 2095 445 2136 ex
459 2074 607 2137 Albioecis
623 2076 796 2137 Druentiam
818 2077 993 2156 priusquam
1015 2073 1052 2135 ad
1069 2074 1225 2135 Vocontios

25 2181 27 2226 ἰ
118 2181 333 2253 perveniamus,
361 2177 520 2239 incidimus
546 2179 578 2237 in
599 2183 764 2238 Meminos
793 2186 822 2238 et
842 2181 1056 2250 Vulgientes.
1099 2175 1136 2236 Et
1158 2174 1225 2235 Pto-

25 2273 27 2280 '
120 2276 239 2340 lemaeus
265 2279 399 2356 quidem,
425 2280 477 2357 qui
498 2278 670 2357 Vulgientes
693 2280 815 2348 omittit,
840 2297 957 2339 omnem
980 2275 1064 2339 illurn
1086 2275 1226 2355 angulum

25 2383 26 2388 ’
119 2377 270 2441 llruentiae
293 2380 373 2441 llexu
401 2381 539 2442 ellectum
562 2381 697 2442 Meminis
725 2380 842 2441 videtur
869 2381 1017 2450 tribuere,
1046 2380 1142 2457 iisque
1171 2397 1226 2458 pro

119 2482 205 2558 capite
233 2482 284 2543 dat
306 2483 418 2544 Forum
440 2482 583 2553 Neronis,
614 2499 703 2560 quam
730 2482 768 2544 ob
796 2500 860 2544 rem
890 2489 920 2542 et
940 2481 997 2542 levi
1025 2481 1149 2560 quadam
1171 2499 1224 2541 no-

118 2583 198 2644 minis
226 2584 419 2646 similitudine
448 2585 589 2647 seduotus
617 2584 730 2646 Anville
760 2584 804 2664 (p.
830 2589 890 2652 325
920 2583 980 2662 sq.)
1015 2583 1096 2645 hunc
1128 2582 1226 2643 locum

24 2685 26 2728 i
117 2684 309 2762 Forcalquier
332 2686 414 2767 (dc'p.
437 2688 490 2748 des
508 2685 748 2764 Busses-Alpes)
771 2685 860 2746 hodie
889 2704 953 2748 esse
981 2687 1103 2756 conicit,
1126 2684 1227 2764 Henry

24 2777 26 2808 ⁵
117 2792 208 2848 aulem
232 2788 339 2869 (Antiq.
365 2788 404 2849 du
427 2787 496 2868 dep.
521 2788 574 2848 des
593 2787 682 2849 n-l.
706 2807 735 2868 p·
757 2784 828 2864 138)
853 2787 891 2848 ob
914 2787 1055 2865 reliquias
1076 2786 1227 2848 Romanae

24 2885 26 2964 ζ
117 2889 292 2969 antiquitatis
314 2892 345 2951 in
367 2892 431 2950 vico
454 2891 547 2950 Mune
568 2909 663 2970 prope
685 2889 878 2968 Forcalquier
898 2891 1033 2950 inventas
1061 2886 1149 2948 huius
1171 2887 1228 2946 vici

24 2965 26 3012 l
115 2987 175 3050 loco
202 2991 329 3053 collocat
357 2993 468 3053 Forum
490 2992 633 3061 Neronis;
661 2998 691 3052 at
719 3009 816 3070 neque
846 2989 901 3051 hae
928 2988 1072 3069 reliquiae
1099 2987 1228 3066 probant

24 3107 26 3170 q
116 3093 270 3172 quidquam
285 3096 318 3156 iu
338 3093 402 3155 solo
425 3111 461 3154 ex
484 3096 565 3154 omni
586 3100 672 3173 parte
694 3093 889 3171 reliquiarum
904 3091 1105 3175 Romanarum
1127 3088 1225 3168 pleno,

24 3225 25 3236 ,
116 3210 206 3272 oeque
228 3195 422 3273 Forcalquier
445 3213 575 3273 unquam
604 3195 683 3256 aliud
708 3195 869 3274 quidquam
890 3195 983 3256 luisse
1005 3210 1095 3271 quam
1116 3191 1226 3252 Forum

116 3294 275 3359 Calcarium
298 3304 398 3378 potest
419 3297 551 3376 probari.
595 3297 690 3358 Immo
713 3315 781 3358 cum
803 3296 931 3367 Plinius,
954 3297 1039 3357 testis
1062 3292 1156 3354 multo
1178 3311 1226 3353 ac·

24 3401 25 3410 ’
115 3401 249 3469 curatior,
273 3399 410 3461 hieminis
425 3399 538 3460 tribuat
560 3398 702 3479 oppidum
719 3398 1056 3478 Carpfentoracten,
1081 3394 1227 3457 coloniam
1253 3466 1256 3472 .

24 3559 25 3562 ,
114 3494 211 3561 luliam
233 3502 432 3562 hieminorum
457 3501 535 3582 (app.
560 3519 589 3562 n.
614 3498 703 3579 415),
731 3499 881 3578 huiusque
903 3500 980 3561 situs
1002 3500 1123 3559 nomine
1145 3495 1228 3559 urbis

115 3594 271 3663 hodiernae
290 3601 475 3678 Carpentrus
497 3608 634 3662 accurate
656 3602 795 3663 delinitus
819 3603 865 3673 sit,
888 3600 1033 3663 Meminos
1057 3598 1228 3662 consedisse

114 3699 241 3764 videmus
263 3705 296 3765 in
319 3721 439 3784 campo,
470 3705 520 3784 qui
550 3702 727 3767 Rhodanum
755 3703 859 3766 versus
888 3702 1002 3765 adiacet
1028 3704 1124 3764 monti
1153 3703 1227 3763 Vea-

114 3805 193 3878 touc,
215 3805 346 3884 ideoque
369 3823 436 3866 cum
465 3824 525 3866 non
547 3805 706 3867 verisimile
734 3807 786 3876 sit,
818 3805 964 3867 diritatem
985 3804 1183 3866 hieminorum
1212 3821 1228 3864 a

113 3898 342 3984 carpentoracte
369 3906 403 3967 ad
433 3906 607 3969 Druentiam
634 3924 730 3987 usquc
757 3906 922 3977 habitasse,
951 3905 1062 3968 Forum
1090 3905 1226 3973 Neronis,

113 4005 203 4080 quod,
227 4009 299 4085 quia
321 4024 420 4085 neque
442 4027 460 4069 a
481 4007 576 4070 Plinio
598 4026 697 4090 neque
723 4010 755 4070 iu
776 4010 879 4070 notitia
902 4008 1122 4088 provinciarum
1144 4023 1225 4067 com·

24 4191 25 4194 Ἴ
112 4115 310 4179 memoratur,
344 4111 391 4171 ius
424 4110 550 4172 civitatis
583 4126 736 4190 nunquam
769 4110 885 4173 videtur
913 4108 1068 4178 habuisse,
1103 4108 1227 4186 propius

111 4203 190 4268 illum
213 4218 348 4272 montem
372 4216 418 4271 est
439 4210 652 4274 collocandum.
698 4210 810 4273 Deinde
839 4228 907 4272 cum
929 4209 1041 4272 Plinius
1063 4207 1225 4286 Vulgienti·

111 4301 164 4370 bus
190 4310 307 4373 tribuat
334 4310 479 4374 coloniam
507 4313 639 4376 Iuliam
667 4314 792 4392 Aptam
822 4307 1075 4392 (appulit),
1105 4312 1227 4392 eiusque

112 4409 243 4474 coloniae
266 4413 342 4475 situs
362 4415 435 4475 item
457 4413 595 4477 delinitus
619 4415 657 4475 sit
678 4415 798 4476 nomine
814 4412 897 4474 urbis
912 4413 973 4490 Apt
993 4411 1072 4496 (deb.
1088 4414 1126 4475 de
1147 4414 1226 4477 Vau-
