3154 5162
551 467 635 564 raus
656 506 687 562 11.
725 507 832 564 carvr
855 507 874 564 1.
1203 509 1263 572 127

142 681 270 735 vennate
294 679 324 734 et
346 672 481 734 Guidone
506 670 552 752 (p.
576 678 637 739 244
660 691 703 751 sq.
730 678 798 739 340.
826 678 887 740 513
910 673 993 735 Pind.
1019 679 1048 733 et
1069 671 1185 753 Parth.)
1210 693 1262 735 no-

142 779 311 846 minantur,
340 795 412 836 num
440 782 508 836 ante
537 783 675 852 quartum
704 793 732 854 p.
764 775 815 837 Cb.
846 774 996 838 saeculum
1027 777 1178 836 extiterint
1204 795 1263 836 non

139 872 240 939 audeo
264 878 427 946 affirmare;
453 895 489 937 ex
513 876 622 954 quibus
645 876 747 937 Calum
771 879 845 938 situs
867 878 973 938 incerti
996 883 1054 948 est,
1078 877 1263 954 Megalonam

142 998 213 1040 vero
242 979 331 1039 hodie
359 981 565 1062 Mupueloune
589 997 653 1039 esse
683 997 719 1038 ex
748 980 867 1040 nomine
895 981 1084 1060 perspicitur.
1131 979 1263 1058 Denique

142 1081 309 1142 secundum
332 1080 458 1142 eaodem
473 1081 550 1142 hanc
565 1082 643 1141 inter
657 1082 802 1141 Araurem
819 1087 847 1141 et
861 1079 1038 1143 Rhodanum
1054 1099 1138 1141 oram
1153 1079 1264 1142 Uckert

144 1182 183 1265 (p.
209 1188 271 1248 412
294 1182 351 1261 sq.)
375 1190 457 1243 recte
479 1190 512 1243 ut
535 1181 651 1242 videtur
674 1181 799 1242 collocat
820 1180 894 1243 baec
909 1183 989 1244 Festi
1003 1183 1106 1245 Avieni
1127 1183 1261 1243 nomina:

143 1287 291 1345 civitatem
306 1284 469 1363 Polygium,
492 1285 584 1353 tenui,
608 1291 642 1345 ut
664 1284 735 1346 dicit
756 1290 852 1362 pocta,
876 1303 978 1353 censu,
1001 1285 1133 1346 Mansam
1154 1285 1261 1352 vicum

144 1387 288 1466 oppidum
311 1382 581 1464 Naustalonemffi),
611 1385 647 1446 de
676 1385 786 1463 quibus
814 1402 888 1462 quae
911 1404 1035 1465 prorsus
1056 1389 1170 1448 incerta
1193 1403 1263 1446 con·

141 1489 269 1548 iecerint
291 1486 453 1567 geographi
474 1488 672 1557 recentiores,
704 1486 781 1566 apud
810 1487 937 1548 eundem
959 1488 1121 1549 Uckcrtum
1143 1486 1261 1548 videris.

143 1589 284 1650 Ceterum
310 1596 344 1650 ut
369 1607 425 1668 per
452 1608 571 1651 omnem
599 1589 676 1650 hanc
706 1607 788 1650 oram
817 1597 918 1650 austro
947 1597 1036 1668 atquc
1058 1591 1150 1650 alrico
1172 1607 1263 1668 expo·

142 1692 231 1751 sitam
253 1710 339 1752 rarae
360 1691 466 1762 urbes,
491 1694 558 1769 quia
574 1693 634 1752 rari
649 1689 769 1770 portus,
793 1699 823 1751 et
845 1691 915 1752 olim
931 1699 1015 1752 erant
1038 1698 1067 1752 et
1080 1691 1169 1752 hodie
1184 1697 1263 1758 sunt,

141 1793 183 1853 ita
206 1794 284 1852 inter
305 1794 450 1855 Mauram
477 1795 652 1872 praesertim
677 1800 706 1853 et
728 1792 905 1854 Rhodanum
934 1793 1097 1854 condendis
1124 1793 1160 1853 ad
1183 1791 1264 1852 littus

143 1893 263 1974 oppidis
285 1895 406 1956 minime
429 1901 493 1956 erat
514 1894 608 1956 locus.

517 2105 645 2160 Volcae
672 2105 887 2171 rameseges.
963 2081 964 2085 ¹

228 2251 282 2312 His
297 2249 485 2312 Ptolemaeus
507 2247 626 2330 praeter
650 2269 683 2310 ea
706 2249 824 2329 oppida,
849 2267 933 2327 quae,
958 2257 991 2308 ut
1013 2267 1102 2328 supra
1124 2247 1261 2318 diximus

142 2353 179 2414 ab
208 2353 390 2413 Arecomicis
419 2351 455 2411 ad
483 2352 664 2430 Tectosages
697 2350 859 2420 transtulit,
897 2350 1030 2411 attribuit
1057 2350 1262 2422 Carcasouem,

141 2453 299 2523 Tolosam,
322 2451 538 2523 Ruscinonem,
563 2453 721 2522 lllibcrim,
751 2453 864 2515 Plinius
886 2459 986 2513 autem
1009 2460 1038 2513 et
1060 2452 1135 2514 ldela
1157 2453 1262 2514 Rusci-
1362 2508 1364 2513 .

141 2574 255 2616 nonem
282 2553 484 2632 Illiberimque
513 2561 663 2634 separatas
691 2574 707 2614 a
739 2554 952 2633 Tectosagibus
980 2555 1050 2616 dant
1079 2553 1263 2614 Sardonibus

141 2659 205 2718 sire
222 2655 422 2725 Socdooibus,
442 2673 517 2733 quae
541 2655 720 2725 differentia,
739 2675 807 2717 cum
829 2656 967 2718 facillime
982 2656 1046 2715 deri
1068 2657 1207 2734 potuerit,
1232 2664 1264 2715 ut

141 2758 313 2819 Sordonum
328 2757 468 2836 parvulae
480 2758 606 2818 civitatis
619 2776 729 2817 nomeu
742 2757 902 2819 Ptolemaei
915 2765 1008 2818 aetate
1019 2758 1050 2816 in
1062 2755 1208 2816 oblivione
1222 2759 1264 2817 ia-

142 2867 235 2929 ceret,
259 2860 373 2920 minimi
388 2860 532 2919 momenti
548 2865 601 2919 est.
634 2860 707 2919 Com
722 2877 793 2918 vero
808 2857 935 2918 llliberis
950 2858 1151 2919 Romanorum
1169 2865 1264 2918 aetate

141 2963 297 3042 propriam
312 2959 527 3040 rempublicam
543 2977 602 3020 non
618 2959 741 3020 haberet
762 2959 824 3029 sed,
848 2966 880 3020 ut
895 2958 970 3019 Mela
985 2957 1095 3018 diserte
1111 2958 1190 3027 dicit,
1208 2960 1264 3018 vici

140 3064 209 3125 loco
232 3070 328 3131 esset,
352 3062 459 3141 oppida
481 3068 595 3122 restant
617 3062 755 3129 Carcaso,
779 3059 901 3131 Tolosa,
924 3060 1063 3120 Ruscino.

229 3181 473 3242 Carcasonem
496 3177 575 3262 (tab.)
594 3181 655 3240 sive
672 3180 831 3240 Carcasum
849 3177 955 3260 (Ptin),
977 3178 1190 3260 Carcassonne,
1213 3197 1262 3238 co·

144 3282 255 3344 ioniam
277 3281 381 3342 lulium
405 3281 600 3342 Carcasoncm
625 3281 701 3363 (app.
724 3283 816 3360 epigr.
833 3300 862 3341 n.
879 3276 966 3358 266),
991 3296 1095 3358 agrum
1118 3280 1264 3340 confinem

143 3382 390 3446 Narbonensibus
417 3381 558 3443 babuisse
589 3385 667 3442 inter
701 3384 781 3443 meos
809 3381 972 3443 Merinville
1000 3388 1035 3463 et¹
1057 3381 1146 3441 Moux
1174 3401 1263 3461 supra

146 3485 183 3566 (p.
195 3481 266 3561 122)
281 3482 416 3556 diximus,
430 3485 509 3546 unde
521 3491 653 3564 apparet,
666 3485 858 3544 mutationem
870 3500 989 3562 quoque
1002 3482 1263 3544 adTricensimum

146 3587 218 3661 (itin.
243 3605 272 3664 p.
298 3591 376 3652 5513
398 3583 593 3664 Burber'rae),
619 3603 694 3664 quae
716 3605 754 3646 m.
778 3604 807 3664 p.
833 3584 897 3645 Vlll
919 3604 935 3644 a
958 3584 1124 3645 Carcasone
1152 3583 1263 3655 aberat,

146 3687 180 3748 ad
209 3684 268 3746 hoc
296 3686 436 3765 oppidum
466 3688 656 3766 pertinuisse.
702 3687 745 3749 Ab
773 3685 864 3747 altera
892 3685 1000 3746 deinde
1022 3692 1106 3765 parte
1129 3704 1196 3746 cum
1218 3692 1262 3746 ta·

145 3787 213 3850 bula
236 3789 321 3849 Peut.
345 3787 452 3849 babeat
473 3788 571 3848 locum
594 3789 683 3848 Fines
705 3795 854 3850 remotum
868 3787 987 3848 XXXIV
1009 3806 1048 3848 m.
1065 3806 1095 3866 p.
1112 3807 1129 3848 a
1145 3787 1263 3856 Tolosa,

145 3889 282 3970 ideoque,
306 3889 332 3949 si
353 3890 539 3951 itinerarium
561 3887 677 3951 Hieros.
700 3889 739 3969 (p.
756 3889 827 3968 551)
851 3891 996 3967 sequeris,
1020 3887 1138 3949 XXVlll
1160 3889 1262 3948 aCar·
1379 3885 1381 3890 ’

146 3975 318 4070 casune¹⁷),¹
347 3989 492 4051 hocloco
516 3992 576 4051 sive
598 3992 675 4051 inter
699 3991 842 4052 stationes
867 3991 1012 4050 itinerarii
1034 3988 1206 4050 Elusionem
1235 3995 1264 4048 et

148 4159 454 4172 ..η-σ--α-ο

213 4279 256 4342 16)
273 4279 350 4330 Fest.
369 4277 465 4329 Avien.
484 4293 534 4328 ora
551 4277 640 4328 merit
658 4291 703 4332 vv.
722 4277 865 4328 610-614.

213 4363 258 4426 17)
276 4363 353 4414 Inter
364 4363 449 4414 Fines
463 4362 705 4428 etEburomagum
723 4374 850 4412 numerus
870 4360 948 4410 deest
966 4358 994 4407 in
1012 4356 1121 4423 tubulu3
1142 4363 1263 4411 ceterum

146 4448 196 4498 cir.
215 4447 251 4498 de
270 4447 324 4499 hoc
342 4447 404 4498 loco
421 4445 492 4498 Anv.
511 4463 538 4512 p.
556 4449 607 4498 304
624 4462 664 4511 sq.
