3148 5160
306 444 367 506 mo
645 415 649 424 “
688 440 771 498 rins
794 441 823 500 u.
861 439 966 500 cnrvv
990 439 1018 500 n.

305 613 341 680 oi,
365 615 526 690 usurpatur
549 611 637 670 etiam
660 611 690 670 in
712 609 798 670 titulo
820 628 898 670 anno
920 629 947 670 a.
971 610 1022 671 Cb.
1041 615 1080 676 12
1103 611 1164 671 sive
1187 616 1283 672 aetate
1305 611 1430 690 Augusti

307 710 409 792 (Orelli
431 731 460 772 n.
486 711 593 793 3693);
624 711 757 772 eiusdem
786 713 878 790 igitur
906 713 968 773 tere
997 715 1101 773 aetatis
1128 731 1286 774 censemus
1310 713 1429 774 titulum

307 820 442 874 nostrum
470 813 693 875 Narbonensem
722 813 914 892 eiusdemque
942 815 1045 876 aetatis
1072 816 1267 876 mutationem
1297 815 1430 874 nominis

307 934 492 977 summorum
516 917 750 994 magistratuum.

393 1070 456 1141 Qua
479 1070 641 1130 mutatione
659 1070 732 1131 iacta
755 1069 901 1130 babemus
916 1072 946 1129 in
967 1069 1106 1130 omnibus
1120 1070 1291 1148 provinciae
1307 1075 1431 1130 nostrae

308 1171 425 1252 oppidis
448 1178 509 1230 tres
538 1169 686 1232 bonorum
709 1171 832 1248 gradus:
863 1180 1067 1248 quaesturam,
1097 1171 1290 1240 aedilitatem,
1321 1171 1431 1232 duum-

307 1275 435 1333 viratum
459 1275 519 1332 sive
543 1274 824 1349 quattuorviratum,
854 1275 905 1352 qui
933 1273 1042 1350 gradus
1070 1273 1207 1333 omnibus
1230 1273 1348 1351 oppidis
1371 1272 1431 1331 lta-

308 1375 365 1435 lico
388 1374 476 1434 modo
500 1375 666 1434 constitutis
690 1393 722 1433 ea
746 1380 841 1434 aetate
865 1381 949 1434 crant
969 1392 1151 1435 communes
1190 1375 1326 1435 Attamen
1342 1376 1434 1434 Vien-

310 1494 363 1536 nae
387 1483 416 1536 et
438 1475 578 1535 Nemausi
600 1474 673 1534 baec
695 1475 844 1552 generalis
872 1493 976 1536 norma
1005 1475 1131 1554 quodam
1154 1483 1289 1554 tempore
1312 1476 1434 1535 videtur

310 1596 375 1638 esse
398 1577 496 1656 paullo
518 1580 685 1636 immutata:
711 1583 981 1638 commemorantur
1005 1577 1134 1637 Viennae
1157 1577 1267 1638 aediles
1291 1585 1321 1636 ct
1343 1583 1432 1654 quat·

309 1681 435 1740 tuorviri
462 1680 520 1738 iuri
548 1677 676 1737 dicundo
699 1681 729 1737 in
753 1677 860 1747 titulis,
891 1681 940 1755 qui
968 1686 1079 1739 certam
1110 1681 1213 1740 aetatis
1241 1687 1341 1739 notam
1369 1697 1434 1738 non

310 1780 421 1840 babent
444 1780 541 1858 (506),
573 1788 844 1840 commemorantur
867 1781 974 1840 deinde
997 1780 1145 1842 duumviri
1168 1781 1291 1848 aerarii,
1323 1781 1434 1840 trium·

310 1882 366 1943 viri
388 1880 521 1941 locorum
537 1881 725 1959 publicorum
741 1882 1025 1960 persequendorum,
1049 1882 1198 1944 duumviri
1220 1883 1279 1941 iuri
1301 1881 1434 1942 dicundo

310 1986 342 2043 in
364 1982 469 2052 titulis,
500 1985 552 2061 qui
574 1989 700 2044 aetatem
723 1985 912 2062 imperatoris
935 1982 1074 2044 Hadriani
1103 1983 1213 2044 diserte
1235 1982 1377 2052 indicant,
1405 1991 1435 2044 et

310 2105 326 2146 a
354 2084 449 2147 Plinio
477 2086 592 2144 iuniore
620 2087 677 2144 iam
712 2085 768 2146 sub
797 2085 924 2145 Traiano
943 2085 1096 2146 duumvir
1124 2086 1233 2146 dicitur
1261 2083 1435 2144 Trebonius

310 2187 449 2254 Rudnus;
480 2193 635 2265 praeterea
665 2187 689 2245 si
718 2184 819 2246 titulos
848 2195 967 2247 nostros
994 2206 1044 2247 nn.
1069 2173 1141 2254 511ss
1166 2192 1237 2255 582.
1263 2192 1325 2254 589
1350 2204 1433 2246 com·

310 2307 451 2367 paramus
475 2296 504 2347 et
525 2290 603 2347 inter
625 2307 658 2348 se
689 2295 718 2347 et
747 2307 813 2347 cum
837 2291 946 2348 ceteris
973 2291 1195 2366 magistratuum
1219 2289 1436 2351 Viennensium

311 2388 572 2468 inscriptionibus,
602 2406 677 2466 quae
701 2390 845 2458 Viennae,
870 2390 1031 2459 Cularone,
1056 2391 1190 2451 Genavae
1213 2397 1242 2450 et
1263 2392 1296 2450 in
1316 2390 1436 2468 reliquo

313 2507 384 2568 agro
406 2491 594 2568 Allobrogico
618 2497 731 2560 extant,
755 2489 840 2551 facile
865 2492 1010 2560 videmus,
1035 2499 1238 2568 quaesturam,
1262 2474 1435 2552 duumvira-

313 2600 377 2654 tum
400 2595 515 2660 aerarii,
538 2593 758 2652 triumviratum
780 2590 914 2654 locorum
931 2592 1120 2672 publicorum
1143 2594 1434 2672 persequendorum,

313 2694 533 2755 duumviratum
562 2695 622 2753 iuri
651 2693 780 2754 dicundo
810 2694 943 2755 eiusdem
972 2714 1037 2755 esse
1066 2697 1210 2774 temporis
1238 2712 1334 2771 eoque
1357 2703 1434 2754 tem-

313 2815 387 2875 pore
410 2814 470 2856 non
497 2794 595 2886 solum
624 2797 846 2872 quattuorviros
874 2815 934 2857 non
961 2797 1069 2864 luisse,
1100 2797 1152 2858 sed
1183 2795 1314 2856 doluisse
1345 2797 1437 2856 etiam

314 2895 507 2967 aedilitatem,
536 2903 569 2958 ut
598 2914 671 2973 quae
700 2899 906 2958 contineretur
928 2898 1119 2959 duumviratu
1146 2900 1254 2958 aerarii
1276 2905 1305 2958 et
1326 2899 1436 2958 trium·

224 2985 225 2988 ¹
313 3001 409 3059 viratu
438 2999 572 3060 locorum
602 2998 790 3077 publicorum
823 3000 1110 3077 persequendorum.
1162 2998 1247 3070 Quod
1275 3004 1376 3059 autem
1405 3001 1438 3059 in

314 3099 399 3159 titulo
423 3119 450 3160 n.
476 3105 537 3166 506
565 3102 732 3160 invenimus
761 3099 792 3160 L.
818 3100 981 3180 Sulpicium
1010 3101 1042 3161 D.
1067 3101 1086 3160 l.
1120 3100 1245 3160 Voltinia
1271 3099 1436 3161 Censorem

315 3199 454 3269 aedilem,
482 3199 659 3260 vocabulum
690 3202 826 3261 Censoris
853 3221 907 3280 pro
937 3205 1111 3280 cognomine
1140 3203 1240 3280 potius
1267 3218 1356 3277 quam
1379 3221 1438 3280 pro

314 3302 506 3378 magistratus
520 3302 718 3380 appellatione
733 3301 903 3363 babendum
927 3312 980 3373 est,
1005 3310 1063 3364 tam
1088 3305 1155 3380 quia
1171 3302 1250 3362 aliud
1267 3319 1438 3380 cognomen

237 3447 243 3454 -
316 3401 439 3480 Sulpicii
463 3421 522 3462 non
544 3402 691 3465 indicatur
713 3424 802 3483 quam
826 3407 895 3481 quia
917 3407 1050 3466 censoris
1073 3402 1176 3465 titulus
1198 3405 1228 3463 in
1245 3404 1345 3465 ltaliae
1368 3407 1437 3482 qui·

315 3506 384 3565 dem
407 3503 584 3581 quibusdam
607 3505 724 3584 oppidis
746 3508 905 3576 invenitur,
929 3507 1014 3567 deest
1034 3513 1132 3566 autem
1148 3508 1178 3565 in
1201 3507 1374 3584 provinciis.
1385 3502 1437 3582 ¹⁴⁶)

316 3607 376 3667 lam
400 3624 470 3666 vero
494 3613 526 3666 ut
545 3608 609 3685 ipsa
632 3609 677 3667 rei
699 3615 804 3668 natura
820 3608 942 3687 probat,
967 3607 1180 3686 simpliciorem
1203 3608 1350 3668 rationem
1373 3609 1439 3667 sive

316 3715 378 3769 tres
401 3706 466 3766 illos
489 3706 598 3785 gradus
622 3705 867 3789 quaesturae¹⁴⁷)‚
892 3707 1057 3777 aedilitatis,
1082 3710 1335 3786 quattuorviratus
1357 3711 1437 3770 anti-

316 3811 438 3890 quiores
466 3827 531 3868 csse
559 3810 673 3869 ratione
702 3812 801 3870 nrinus
833 3811 977 3889 simplici,
1012 3813 1066 3879 ita,
1102 3827 1177 3887 quae
1205 3829 1300 3889 pauca
1332 3816 1441 3870 extant

386 4115 444 4176 146)
465 4113 523 4163 cfr.
541 4113 672 4176 Henzen,
692 4113 746 4164 ind.
767 4113 801 4164 ad
820 4114 906 4164 Orell.
925 4131 950 4179 p.
972 4116 1028 4164 157.

385 4212 445 4281 147)
464 4217 496 4265 In
515 4214 595 4264 titulo
614 4213 759 4266 Oularensi
777 4231 803 4264 n.
823 4218 872 4266 547
891 4217 1050 4267 nouaclum
1070 4219 1258 4280 quaesturam,
1282 4215 1442 4266 sedetiam

319 4300 492 4350 aedilitatem
512 4299 546 4350 ad
564 4300 699 4350 Viennam
718 4300 816 4350 refero.
852 4300 882 4349 Si
901 4301 1031 4352 aedilitas
1050 4301 1258 4350 fuissetmunus
1272 4299 1440 4363 Oularense,

317 4397 370 4431 non
390 4385 523 4447 potuisset
541 4385 629 4434 omitti
647 4385 727 4434 buius
746 4384 802 4434 loci
822 4384 963 4435 indicatio.
