3184 5162
621 468 818 526 redeuntvu.
881 458 885 464 ’
1238 465 1280 528 25

159 638 395 716 septentrionem
420 654 523 696 versus
545 635 703 696 incidimus
730 636 761 695 in
784 635 903 705 VolcaS,
934 652 1010 712 quos
1033 629 1175 710 Livius⁷⁷l
1198 632 1277 694 llan-

158 737 266 798 nibalis
289 743 387 798 aetate
409 737 445 797 ad
468 744 625 815 utramque
648 740 743 818 ripam
766 736 902 798 Rhodani
927 736 1080 796 inferioris
1102 734 1174 795 dicit
1195 733 1277 794 babi-

98 843 99 846 ’
159 847 253 908 tasse;
278 858 348 900 cum
371 848 470 900 autem
492 859 531 900 ne
545 839 673 901 Massilia
697 839 815 917 quidem
838 839 926 917 longe
949 838 1066 898 abesset
1087 856 1103 898 a
1123 835 1278 904 Rhodano,

158 943 185 1001 si
200 940 288 1020 plana
305 960 381 1020 quae
398 943 565 1002 intererant
581 944 660 1003 inter
677 941 787 1002 flumen
806 948 836 1000 et
851 940 973 1010 urbem,
990 940 1083 1001 divisa
1101 947 1186 1002 erant
1200 941 1279 999 inter

157 1043 264 1104 Volcas
286 1051 316 1102 et
338 1043 553 1112 Massilienses,
581 1043 690 1105 horum
718 1053 833 1123 partem
861 1043 1020 1104 admodum
1043 1049 1167 1122 apparet
1187 1043 1280 1103 fuisse

157 1151 324 1223 angustam.
372 1145 481 1206 Contra
509 1147 744 1224 septentrionem
771 1164 875 1206 versus
905 1147 929 1206 si
957 1140 1184 1225 stephanumw)
1209 1161 1279 1202 con·

156 1247 231 1316 fers,
256 1247 316 1306 duo
338 1248 453 1307 invenis
475 1248 568 1307 fuisse
586 1248 814 1309 Massiliensium
837 1247 953 1326 oppida,
977 1248 1157 1307 Avenioncm
1181 1254 1210 1305 ct
1225 1245 1278 1306 Ca-

156 1347 335 1418 bellionem,
365 1367 401 1408 ex
429 1347 537 1427 quibus
564 1348 614 1410 illa
642 1352 696 1411 sita
731 1357 776 1410 est
804 1349 839 1410 ad
868 1349 1053 1409 confluentes
1080 1347 1216 1408 Rhodani
1252 1355 1281 1406 et

156 1451 336 1519 Druentiae,
366 1449 439 1511 baec
467 1453 499 1511 in
521 1451 626 1512 dextra
650 1451 810 1513 Druentiae
839 1453 904 1530 ripa
933 1469 992 1511 non
1014 1450 1102 1528 longe
1125 1455 1280 1509 remotae

156 1551 380 1613 confluentibus
408 1551 467 1614 illis
496 1555 556 1613 sive
584 1552 621 1613 ab
649 1555 808 1614 Avenione.
859 1553 1033 1632 Desumpsit
1065 1551 1184 1629 quidem
1214 1551 1279 1610 Ste-

154 1651 285 1732 phanus,
311 1671 386 1731 quae
409 1653 446 1714 de
469 1654 638 1715 Cabellione
662 1656 769 1724 refert,
795 1673 831 1716 ex
852 1655 1041 1717 Artemidoro
1065 1653 1204 1734 Ephesio,
1229 1670 1280 1712 cu-

155 1757 208 1815 ius
230 1763 325 1816 aetate
348 1754 475 1817 Romani
498 1759 556 1817 iarn
580 1758 777 1818 constiterunt
797 1759 828 1818 in
854 1757 904 1818 illa
926 1759 1065 1835 regione,
1095 1763 1128 1817 ut
1150 1755 1281 1816 iudicare

157 1857 277 1936 possis,
314 1857 520 1919 Romanorum
553 1866 668 1920 tantum
701 1858 844 1920 beneficio
879 1858 943 1920 loca
972 1859 1022 1919 illa
1052 1856 1280 1918 Massiliensium

154 1960 271 2028 fnisse,
296 1961 373 2019 sicut
394 1960 467 2021 alias
489 1963 628 2038 regiones
652 1961 884 2022 mediterraneas
912 1960 1056 2020 beneficio
1079 1960 1281 2019 Romanorum

155 2067 266 2139 postea
288 2071 476 2140 acceperunt.
521 2067 558 2124 At
580 2071 610 2123 ct
632 2063 819 2124 verisimilius
837 2071 891 2131 est,
916 2081 952 2121 cx
974 2058 1191 2139 antiquioribus
1208 2059 1280 2118 scri·

156 2161 300 2241 ptoribus
322 2165 665 2242 ipsunnrtemidorum
694 2183 746 2226 sua
775 2165 949 2242 repetivisse
972 2162 1132 2223 ethorum
1155 2158 1278 2239 oppido-

155 2283 230 2324 rum
253 2265 342 2326 situm
365 2267 391 2325 si
413 2264 601 2335 consideras,
631 2265 717 2326 facile
739 2266 793 2326 tibi
815 2266 1016 2345 persuaseris,
1044 2267 1103 2323 iam
1131 2267 1200 2321 ante
1222 2260 1280 2321 Ro·

157 2384 320 2426 manorum
342 2366 500 2428 adventum
529 2367 594 2428 illas
624 2369 767 2428 stationes
796 2387 811 2428 a
834 2365 1067 2428 Massiliensibus
1096 2363 1189 2425 solide
1217 2382 1282 2422 esse

157 2474 330 2545 occupatas·
376 2469 479 2548 Neque
509 2471 588 2530 enim
616 2467 714 2529 solum
742 2488 818 2548 opus
845 2471 882 2529 iis
910 2475 973 2528 erat
1000 2466 1176 2544 quibusdam
1198 2465 1280 2534 locis

158 2587 222 2648 quo
247 2569 363 2630 emendi
386 2570 593 2649 vendendique
616 2591 719 2632 caussa
743 2573 936 2631 convenirent
958 2588 1026 2630 cum
1048 2567 1184 2631 barbaris
1207 2585 1283 2645 quae

157 2689 218 2750 per
239 2670 355 2732 radices
376 2672 493 2751 Alpium
516 2673 664 2750 degebant
685 2673 860 2741 civitatibus,
884 2671 937 2732 sed
961 2673 1048 2731 etiam
1071 2669 1106 2729 ad
1129 2669 1282 2730 tutandam

158 2771 300 2833 Rhodani
321 2778 351 2832 et
370 2773 531 2834 Druentiae
554 2775 768 2852 navigationem
790 2773 946 2853 praesidiis
969 2771 1146 2850 quibusdam
1168 2771 1280 2848 indige·

159 2873 251 2942 bant,
276 2875 384 2950 quibus
407 2875 532 2952 Ligures
554 2877 685 2937 famosos
708 2877 868 2955 rapacitate
890 2874 1054 2936 domarent.
1100 2873 1143 2934 Ad
1168 2878 1282 2933 utrum·

159 2993 221 3052 quc
245 2993 333 3035 usum
356 2977 506 3054 aptissima
529 2984 592 3038 erat
612 2979 732 3046 Avenio,
756 2986 789 3038 ut
810 2995 886 3056 quae
910 2983 939 3034 et
961 2977 1016 3034 sita
1046 2980 1124 3034 essct
1153 2973 1189 3032 ad
1212 2992 1282 3032 con-

124 3101 126 3104 ·
159 3075 291 3137 fluentes
320 3075 456 3137 Rhodani
481 3077 702 3156 Druentiacque
730 3081 763 3138 in
791 3077 866 3139 colle
896 3078 1013 3154 utrique
1044 3075 1158 3136 flumini
1186 3075 1282 3134 immi·

160 3184 254 3238 neate
277 3184 365 3254 atque
388 3178 424 3238 ad
448 3180 682 3240 construendum
712 3178 867 3242 castellum
895 3179 1021 3238 maxime
1048 3177 1156 3236 idoneo
1186 3183 1216 3236 et
1243 3179 1282 3237 si-

160 3277 226 3342 rnul
249 3279 387 3340 omuibus
411 3280 576 3343 civitatibus
599 3281 727 3350 Gallicis,
752 3298 826 3358 qnae
849 3280 1021 3342 accolebant
1042 3281 1122 3340 rivos
1144 3278 1181 3341 ab
1203 3278 1283 3356 Alpi·

159 3381 220 3441 bus
248 3381 280 3439 in
309 3369 483 3442 Druentiam
516 3390 546 3443 et
572 3382 749 3444 Rhodanum
778 3381 944 3444 defluentes
974 3384 1117 3456 Colonen,
1145 3382 1284 3457 SorpueS,

163 3479 281 3543 Ouve'ze
303 3482 446 3560 aliosque,
471 3485 743 3545 commodissimum
767 3491 846 3545 esset
867 3485 976 3544 forum.
1023 3483 1152 3545 Cabellio
1174 3489 1283 3552 autem,

161 3601 243 3660 quae
265 3584 322 3645 sub
344 3584 486 3645 Romanis
514 3601 634 3663 quoque
663 3594 820 3647 nautarum
842 3585 1081 3646 Druenticorum‘
1101 3587 1187 3646 statio
1211 3592 1283 3653 erat,

161 3686 292 3747 tuendae
316 3687 476 3747 Druentiae
498 3689 676 3764 navigationi
705 3689 816 3767 optime
845 3687 1032 3747 inserviebat.
1078 3688 1210 3764 Uterque
1233 3687 1283 3746 de·

161 3790 255 3864 nique
277 3787 362 3848 locus
385 3787 464 3846 haud
486 3789 527 3848 ita
554 3788 644 3868 longe
672 3797 806 3850 remotus
836 3788 872 3850 ab
901 3790 965 3867 ipsa
988 3788 1116 3850 Massilia
1145 3795 1177 3850 ut
1199 3787 1284 3849 facile

161 3889 306 3950 auxilium
330 3907 346 3948 a
369 3888 484 3949 colonia
507 3897 610 3968 petere
632 3898 759 3969 poterat,
783 3892 822 3951 ita
847 3897 876 3950 et
897 3892 963 3970 ipse
978 3890 1127 3968 praesidio
1151 3897 1214 3950 erat
1236 3909 1284 3949 ca·

231 4227 276 4290 vn
294 4227 358 4277 mv.
378 4229 420 4291 21,
438 4229 480 4278 aa.

232 4328 277 4392 78)
296 4327 407 4393 Steph.=
427 4319 596 4389 Αὐενίων,
615 4321 697 4389 πόλις
714 4330 886 4388 Μασσαλίας
898 4321 968 4393 πρὸς
981 4322 1157 4394 τῷῬοὸανῷ.
1177 4356 1208 4364 -—
1226 4330 1284 4380 Κα-

163 4409 291 4476 esstote,
310 4405 393 4472 πόλις
411 4413 593 4474 Μασσαλίας.
634 4407 832 4481 Ἀρτεμίδωρος
852 4405 882 4465 ἐν
900 4405 994 4480 πρώτῃ
1012 4407 1283 4479 γεωγραφουμένωα.
