3184 5162
304 495 343 558 16
761 493 961 549 raootutvu.

303 660 444 738 Ligustici
467 678 549 720 oram
572 657 777 728 condiderunt,
802 658 874 719 haec
891 667 955 719 erat
978 661 1069 719 ratio:
1095 659 1233 719 Extrema
1256 676 1333 735 quae
1349 677 1421 718 con·

301 771 347 824 tra
370 761 628 839 Carthaginienses
650 759 686 820 ab
709 779 777 828 una,
801 767 903 821 eontra
919 761 1061 821 Etruscos
1079 760 1115 821 ab
1132 760 1224 821 altera
1246 768 1332 839 parte
1348 779 1420 822 eou-

302 865 461 924 constituta
484 870 553 923 sunt
567 861 641 930 loca,
665 863 758 922 luisse
776 861 913 922 videntur
928 863 1085 940 Emporiae
1105 864 1136 922 in
1152 861 1301 941 Hispania,
1325 861 1419 922 Troe·

301 983 356 1024 zen
378 966 409 1024 in
433 964 523 1025 ltalia.
569 964 606 1023 Et
627 963 785 1041 Emporiae
808 963 945 1040 quidem,
975 981 1050 1041 qnae
1072 963 1161 1024 hodie
1183 963 1324 1023 dicuntur
1347 963 1419 1022 Em·

298 1068 414 1142 pariae,
438 1067 509 1126 satis
531 1063 666 1125 celebres
688 1072 773 1125 erant
795 1065 872 1143 apud
895 1067 1032 1141 antiquos
1056 1072 1085 1125 et
1106 1085 1161 1145 pro
1176 1066 1262 1126 firmo
1285 1084 1346 1125 non
1369 1084 1417 1125 so·

300 1168 363 1228 lum
385 1168 524 1229 maritimi
547 1166 598 1226 sed
622 1168 710 1226 etiam
738 1167 849 1226 interni
877 1185 945 1226 cum
967 1167 1114 1244 indigenis
1136 1168 1308 1227 commercii
1329 1185 1417 1244 prae·

301 1269 376 1330 sidio
397 1271 429 1329 in
452 1275 532 1329 terra
553 1267 645 1329 fertili
668 1275 696 1327 et
718 1267 804 1328 bonis
826 1265 1005 1347 portibus⁵⁴)
1027 1269 1138 1346 insigni
1158 1278 1247 1345 atque
1270 1271 1346 1329 lama
1370 1288 1416 1328 sa·

300 1373 338 1430 tis
360 1369 508 1431 llorebant
529 1387 624 1446 usque
647 1369 682 1429 ad
698 1369 901 1429 Romanorum
917 1373 1051 1430 aetatem.
1085 1371 1220 1430 Troezen
1236 1377 1334 1429 autem
1357 1387 1417 1428 non

299 1473 357 1532 nisi
379 1491 396 1532 a
418 1471 549 1533 Charace
558 1509 569 1540 ,·
596 1470 706 1532 saeculi
732 1489 762 1548 p.
787 1469 838 1530 Ch.
865 1489 892 1530 n.
924 1471 1047 1530 secundi
1076 1470 1122 1530 vel
1149 1473 1229 1531 tertii
1258 1472 1405 1549 scriptore

299 1581 332 1633 ut
354 1572 500 1634 Massiliae
522 1571 650 1632 initalia
673 1573 759 1631 statio
782 1578 971 1640 recensetur,
996 1589 1107 1650 neque,
1131 1572 1183 1632 ubi
1205 1571 1304 1641 luerit,
1328 1591 1415 1632 aecu-

298 1676 392 1734 ratius
414 1673 569 1733 indicatnr.
579 1670 615 1750 55)
660 1672 772 1732 Tamen
786 1673 817 1732 in
832 1671 951 1750 Liguria
966 1673 1066 1734 italica
1081 1691 1145 1733 eam
1162 1676 1247 1734 sitam
1264 1693 1330 1735 esse
1345 1675 1416 1736 inde

299 1775 475 1844 concludas,
504 1774 582 1850 quod
611 1775 656 1834 vix
688 1773 829 1834 credibile
858 1781 916 1842 est,
954 1773 1030 1834 ultra
1056 1777 1244 1854 Apenninum
1272 1778 1415 1855 progredi

299 1877 419 1938 Graecis
441 1876 561 1936 licuisse
583 1893 638 1954 per
659 1876 810 1944 Etruscos,
836 1877 887 1953 qni
908 1876 1056 1953 usquead
1073 1884 1211 1953 quartum
1234 1897 1258 1937 a.
1278 1876 1329 1939 Cb.
1348 1898 1413 1939 sae·

298 1978 398 2038 culum
421 1985 632 2057 praepotentes
655 1985 740 2038 erant
760 1995 816 2055 per
838 1976 911 2037 haec
933 1995 1071 2054 aequora.
1110 1979 1217 2040 Postea
1240 1987 1337 2040 autem
1361 1980 1412 2040 de·

298 2082 429 2142 stitutam
452 2099 469 2140 a
490 2077 724 2140 Massiliensibus
747 2097 813 2139 esse
828 2077 904 2140 banc
920 2081 1077 2139 stationem
1092 2080 1162 2140 inde
1177 2089 1309 2159 apparet,
1333 2082 1413 2158 quod

298 2182 405 2244 Strabo
419 2187 458 2262 (4,
472 2178 543 2259 202)
556 2180 732 2241 Monoecum
747 2198 803 2258 pro
820 2188 953 2241 extremo
966 2180 1111 2242 lilassiliae
1122 2189 1212 2260 portu
1224 2181 1412 2263 νοσεουσί-26)

296 2283 409 2343 Deinde
431 2282 467 2342 ad
490 2281 645 2342 tutandum
668 2300 750 2342 mare
765 2282 957 2358 Ligusticum,
981 2282 1060 2360 quod
1083 2285 1196 2360 piratae
1217 2282 1343 2361 Ligures
1365 2287 1411 2344 in·

296 2382 452 2452 testebant,
476 2384 608 2442 omnium
630 2385 760 2460 primum
782 2382 894 2443 insulas
914 2382 981 2445 illas
1002 2383 1095 2443 littori
1116 2384 1266 2462 Ligustico
1289 2389 1410 2464 opposi-

296 2492 340 2544 tas
363 2491 562 2562 occuparunt,
593 2500 668 2559 quae
691 2483 769 2561 apud
792 2483 922 2545 Graecos
945 2493 1015 2545 sunt
1037 2484 1233 2554 Stoechades,
1265 2486 1411 2555 Planasia,

295 2581 449 2661 Leronlll,
473 2584 552 2663 apud
567 2603 623 2644 nos
637 2586 691 2653 ‚iles
704 2581 849 2660 d'Hye'res
872 2595 901 2646 et
923 2588 975 2646 iles
996 2589 1034 2646 de
1052 2585 1146 2646 λίνου
1156 2610 1166 2655 ,·
1187 2595 1343 2666 praeterea
1358 2607 1411 2648 au·

295 2695 355 2747 tem
378 2686 548 2764 ubicunque
575 2685 732 2765 perillam
756 2704 855 2756 oram,
885 2705 961 2763 quae
983 2690 1061 2748 inter
1083 2688 1193 2749 inculta
1215 2689 1359 2767 pleraque
1383 2698 1413 2749 et

294 2796 414 2867 petrosa
441 2787 490 2847 bic
519 2794 549 2847 et
574 2787 635 2847 illic
662 2789 867 2849 amoenissima
902 2796 931 2847 et
959 2789 1139 2850 fertilissima
1172 2789 1237 2850 loca
1270 2791 1411 2861 ostendit,

361 3042 404 3106 ot)
435 3042 534 3093 Strabo
558 3045 587 3107 3,
611 3060 636 3109 p.
657 3045 704 3094 159
723 3058 778 3107 ειμι
802 3034 874 3093 αὐτὸ
896 3031 924 3092 δ’
945 3042 999 3105 (so.
1020 3035 1189 3108 Ἐμπόριυν)
1213 3035 1271 3096 dael
1289 3045 1410 3095 Μασσα-

294 3127 400 3178 λιιοιώυ
419 3127 522 3191 κτίσμα
541 3117 608 3178 ὅσον
626 3125 792 3185 διακοσίους
812 3127 834 3190 (t
850 3127 927 3180 codd.
946 3127 1200 3192 neccessitudinem
1224 3129 1273 3179 cfr.
1293 3131 1412 3180 Kramer

295 3212 330 3261 ad
347 3211 420 3260 hune
439 3211 545 3274 locum)
565 3205 663 3276 διέχον
681 3211 731 3278 τῆς
750 3203 883 3276 Πυρήνης
902 3209 1036 3270 σταδίους
1055 3210 1104 3263 καὶ
1123 3211 1177 3262 τῶν
1195 3213 1342 3279 μεθορίων
1360 3214 1412 3280 τῆς

289 3287 413 3361 Ἰβηρίας
431 3290 501 3360 πρὸς
519 3291 572 3360 τὴν
590 3289 743 3360 Κελτικήν·
767 3292 817 3345 καλ
836 3283 907 3359 αὕτη
927 3286 954 3342 δ’
975 3287 1033 3346 ἐστὶ
1051 3296 1128 3346 πᾶσα
1146 3289 1247 3364 dyada}
1267 3296 1316 3349 καλ
1335 3291 1411 3350 εὐλί-

292 3395 386 3444 μενος.
417 3379 467 3428 et'r.
487 3393 557 3443 quae
576 3380 648 3429 idem
667 3378 764 3430 Strabo
782 3379 875 3444 paullo
897 3379 1014 3429 inferius
1037 3381 1104 3429 dicit
1127 3382 1160 3430 de
1179 3383 1314 3434 divisione
1334 3384 1411 3432 tarbis

293 3465 365 3513 inter
382 3463 529 3528 indigenas
549 3468 576 3514 et
594 3463 717 3513 Graecos
731 3480 765 3513 ac
777 3479 859 3529 supra
873 3479 900 3512 n.
913 3464 954 3512 48,

360 3564 404 3627 55)
427 3563 520 3630 steph.
545 3565 624 3629 syn:
656 3558 777 3629 Τροιζήν
802 3559 860 3616 ἔστι
884 3562 934 3616 κοιλ
957 3554 1027 3629 άλλη
1053 3558 1174 3631 Τροιζὴν
1198 3559 1229 3618 ἐν
1251 3569 1409 3636 Μασσαλίᾳ

292 3647 344 3714 τῆς
358 3640 489 3711 Ἰταλίας,
509 3637 545 3714 ἣν
562 3641 661 3712 Χάραξ
682 3646 855 3715 Τροιζηνίδα
869 3641 961 3714 χώραν
975 3649 1053 3716 φησί.
1076 3649 1182 3698 Uckert
1195 3650 1251 3715 legi
1266 3651 1339 3702 vult:
1358 3654 1410 3718 τῆς

292 3731 466 3792 Μασσαλίας
484 3725 516 3783 ἐν
531 3723 649 3798 Ἰταλίᾳ,
669 3733 696 3780 id
715 3733 783 3797 quod
801 3734 933 3798 probatur
951 3734 1011 3784 loco
1023 3733 1163 3782 Eustatlrii
1177 3735 1211 3784 ad
1225 3736 1305 3785 Iliad.
1319 3740 1344 3800 2,
1359 3741 1408 3790 561

293 3816 329 3882 (p.
347 3819 405 3881 287,
426 3817 468 3882 12)
488 3812 546 3868 ἔστι
565 3811 597 3868 δὲ
615 3813 665 3867 καλ
683 3807 765 3882 ἕτέρα
785 3810 907 3883 Τροιζὴν
925 3811 956 3868 ἐν
969 3808 1074 3882 Ἰταλίᾳ
1093 3814 1326 3888 Μασσαλιωιική.
1357 3824 1409 3874 cfr.

291 3902 379 3968 Mitti,
397 3904 450 3969 frg.
468 3903 532 3953 hiat.
552 3917 645 3966 graec.
665 3904 689 3964 3,
708 3918 735 3967 p.
755 3902 812 3952 645.

359 4003 403 4068 56)
427 4003 526 4054 Strabo
543 4004 572 4065 4,
591 4020 618 4068 p.
637 4003 699 4053 202:
729 3997 744 4054 δ
768 3999 801 4054 δὲ
824 4003 874 4054 τοῦ
896 4000 1046 4053 Μονοίκου
1070 3997 1154 4067 λιμὴν
1171 3993 1258 4067 ὅρμος
1277 3997 1355 4058 ἐστὶν
1373 4000 1409 4060 σά

291 4081 428 4157 μεγάλαις
446 4078 514 4141 odel
532 4088 650 4145 πολλαῖς
668 4089 783 4146 ναυσίν,
808 4083 880 4153 ἔχων
898 4078 976 4151 ἱερὸν
995 4077 1164 4151 Ἡρακλέους
1186 4087 1338 4140 Μονοίκου
1357 4109 1409 4142 κα-

292 4170 443 4241 λουμένου·
470 4169 546 4225 torus
570 4167 602 4224 δὲ
626 4163 682 4224 dut
706 4169 756 4224 τοῦ
779 4163 918 4239 ὀνόματος
940 4168 989 4222 καλ
1011 4166 1092 4236 μέχρι
1111 4169 1195 4235 δεῦρο
1214 4170 1374 4226 διατείνειν
1393 4168 1409 4228 ὁ

291 4251 528 4318 Μασσαλιωτικδς
544 4250 723 4324 παράπλους
744 4253 832 4322 διέχει
851 4245 881 4305 δ’
895 4246 1072 4314 Ἀντιιιόλειος
1082 4254 1171 4319 μικρῷ
1182 4255 1298 4316 πλείους
1310 4246 1330 4324 ἢ
1342 4258 1410 4312 δια-

290 4343 406 4403 κοσίους
423 4341 567 4404 σταδίους.

359 4427 404 4492 bl)
423 4427 522 4479 Strabo
540 4431 564 4492 4,
584 4445 610 4494 p.
624 4428 685 4477 184:
705 4419 876 4492 Πρόκεινιοιι
894 4418 927 4474 δὲ
940 4421 995 4474 eale
1008 4421 1112 4474 στενῶν
1129 4418 1235 4474 τούτων
1252 4416 1309 4477 άιιό
1321 4430 1409 4482 Μασ.
