3184 5162
536 459 648 542 'runs
673 481 692 541 1.
735 481 843 543 csrvr
863 483 884 543 r.
1238 489 1277 554 41

155 661 246 736 etque
268 647 442 732 refugisti)
481 651 542 734 ipsi
564 660 663 714 autem
685 652 885 716 Massilienses
913 653 1012 735 paullo
1035 663 1104 735 post
1125 663 1278 736 peractum

154 755 269 819 bellum
293 754 467 818 Hannibalis
490 761 663 834 coeperunt,
687 757 923 836 quotiescunque
947 757 1135 836 aLiguribus
1150 757 1277 821 lacesse·

157 858 277 928 bantur,
300 842 452 920 Romanos
473 856 584 918 auxilio
608 875 713 918 vocare
721 853 772 937 ¹⁴),
795 875 907 938 eaeque
929 865 1033 920 eontra
1054 862 1165 939 piratas
1188 879 1277 940 cxpe-

155 961 287 1022 ditiones
309 979 369 1022 non
392 966 555 1040 potuerunt
576 979 637 1020 non
651 959 801 1022 Romanos
816 980 911 1041 prope
934 962 1040 1023 invitos
1063 962 1220 1047 adducere,
1247 970 1278 1024 ut

154 1071 312 1144 postremo
335 1080 396 1123 non
419 1061 546 1141 amplius
569 1062 702 1124 contenti
718 1069 819 1123 essent
840 1062 920 1124 illam
942 1065 1095 1143 regionem
1118 1065 1278 1128 laederetis

156 1164 384 1226 custodiendam
408 1164 592 1244 permittere,
618 1163 670 1224 sed
694 1183 765 1226 suae
787 1167 922 1244 ipsorum
946 1158 1067 1227 ditionis
1090 1186 1154 1228 eam
1170 1167 1276 1230 redde·

154 1273 235 1329 rent.
274 1267 346 1328 Cum
370 1268 448 1327 euim
472 1267 581 1329 arctius
603 1268 718 1328 interea
740 1285 816 1347 quae
837 1269 915 1328 inter
934 1268 1122 1348 Apenninum
1145 1277 1175 1331 et
1188 1269 1277 1352 Alpes

156 1376 224 1430 erat
246 1368 340 1431 Gallia
363 1370 517 1448 cumipse
540 1367 621 1430 italia
645 1376 724 1430 esset
738 1371 846 1439 iuncta,
871 1369 998 1450 ideoque
1021 1369 1057 1430 ab
1080 1369 1136 1431 hac
1158 1389 1277 1454 quoque

153 1477 244 1552 parte
266 1469 478 1550 Transalpiuae
501 1469 611 1531 Galliae
639 1472 744 1532 vicinia
772 1472 905 1532 maioris>
923 1477 1002 1533 esset
1023 1475 1180 1544 momenti,
1209 1493 1275 1537 aum

154 1572 266 1634 deinde
288 1573 394 1634 maiori
414 1574 471 1633 iam
496 1571 594 1633 studio
617 1571 743 1634 Romani
770 1591 889 1651 quoque
915 1577 1095 1636 commercio
1117 1575 1277 1655 Hispanico

155 1693 193 1737 se
221 1674 341 1744 darent,
370 1675 436 1735 fieri
462 1692 522 1735 non
548 1676 659 1754 potuit,
689 1675 759 1755 quin
787 1675 938 1755 paullatim
968 1675 1025 1737 sibi
1051 1678 1274 1757 persuaderent,

154 1775 302 1838 Gallicum
325 1777 424 1838 sinum
445 1782 542 1838 tntum
567 1793 626 1837 non
649 1777 721 1846 lore,
746 1778 803 1838 nisi
826 1779 922 1840 omnis
945 1797 997 1839 ora
1021 1780 1176 1850 maritima,
1200 1797 1276 1860 quae

153 1877 196 1940 ab
210 1879 365 1957 Apennino
388 1878 425 1941 ad
439 1879 624 1960 Pyrenaeum
648 1879 797 1949 tendebat,
821 1881 852 1940 in
871 1881 1005 1960 ipsorum
1021 1879 1157 1943 manibus
1180 1889 1273 1952 essem

153 1986 312 2060 praeterea
336 1981 539 2060 expeditiones
566 1979 632 2042 illas
660 1998 737 2060 quae
765 1988 868 2043 contra
891 1981 1015 2060 Ligures
1038 1981 1154 2043 italicos
1180 2002 1275 2062 prope

155 2101 275 2144 annuae
290 2083 400 2144 fiebant
415 2089 476 2143 tum
493 2082 613 2144 demum
629 2083 665 2142 ad
681 2083 769 2144 tinem
785 2083 922 2163 apparuit
943 2101 1032 2162 posse
1048 2084 1180 2163 perduoi,
1205 2104 1273 2146 cnm

154 2186 256 2246 omnis
283 2183 417 2263 Liguria,
447 2203 523 2264 quae
551 2187 624 2246 citra
653 2185 790 2264 ultraque
817 2184 906 2264 Alpes
935 2191 1012 2255 erat,
1041 2183 1135 2246 solide
1162 2195 1274 2264 pacata,-

154 2287 220 2347 sive
247 2285 392 2347 Romanis·
418 2287 495 2348 loret
526 2286 668 2348 subiecta.
714 2287 746 2347 Si
768 2305 838 2347 vero
861 2286 953 2348 nihilo
976 2289 1075 2349 minus
1097 2289 1169 2350 satis
1190 2288 1275 2349 tarde

153 2388 313 2467 hocopus
336 2390 467 2467 aggressi
490 2396 573 2459 sunt,
603 2407 639 2450 ex
662 2407 720 2450 una
742 2395 827 2468 parte
849 2389 917 2450 iude
939 2388 969 2449 id
992 2389 1171 2470 explicatur,
1195 2390 1274 2467 quod

152 2491 278 2552 omnino
301 2491 484 2570 optimatium
507 2491 709 2553 Romanorum
732 2508 792 2552 non
816 2497 892 2562 erat,
924 2491 967 2552 vel
989 2493 1039 2562 iis,
1070 2509 1144 2570 quae
1170 2511 1274 2555 neces-

151 2593 236 2654 sario
258 2590 388 2670 gerenda
411 2600 510 2663 erant,
540 2594 620 2653 omni
643 2594 670 2652 vi
692 2594 847 2664 insistere,
879 2612 914 2654 ex
942 2592 1036 2656 altera
1063 2602 1162 2656 antem
1188 2601 1274 2674 parte

153 2703 222 2756 erat
243 2703 362 2764 revera,
394 2694 472 2772 quod
493 2696 649 2764 timerent,
676 2713 713 2756 ne
744 2701 819 2757 taeta
846 2715 898 2756 ora
926 2694 1037 2757 Gallica
1067 2697 1193 2758 maxima
1222 2713 1272 2757 ex·

152 2797 321 2858 citarentur
349 2813 418 2858 cum
447 2799 596 2858 universis
628 2794 719 2859 Gallis
752 2794 840 2858 bella.
891 2797 1046 2869 Quomodo
1074 2799 1173 2876 potuit
1206 2817 1272 2878 spe·

151 2899 218 2959 rari
240 2896 339 2960 Gallos
363 2897 613 2968 mediterraneos,
643 2901 668 2958 si
690 2897 815 2959 Romani
835 2899 895 2960 iam
917 2897 1005 2978 Alpes
1023 2898 1272 2978 transgrederen-

225 3153 268 3216 1³)
287 3151 350 3204 niv.
369 3155 415 3218 37,
435 3153 481 3204 57ι
499 3153 553 3204 Per
571 3166 615 3204 eos
632 3153 687 3204 dies
706 3151 737 3215 (i.
750 3167 774 3202 e.
788 3165 860 3202 anno
878 3166 904 3202 a.
919 3150 968 3202 ch.
986 3165 1013 3201 n.
1028 3148 1087 3215 189)
1106 3153 1185 3217 legati
1200 3151 1272 3204 Mas-

150 3239 291 3290 siliensium
307 3239 467 3296 nuntiarunt,
486 3237 519 3290 L.
536 3237 659 3288 Baebium
673 3242 833 3302 praetorem,
851 3237 877 3286 in
894 3235 1047 3302 Hispaniam
1061 3238 1271 3301 proficiscentem,

151 3322 188 3374 ab
205 3321 341 3388 bipennibus
357 3323 563 3378 annuntiantum·
584 3337 676 3386 magna
690 3328 769 3386 parte
786 3322 1004 3380 comdemnasse,
1022 3323 1176 3372 uulneratum
1192 3323 1273 3388 ipsum

150 3407 318 3472 campaneis,
335 3408 389 3456 sine
402 3406 541 3470 lictoribus,
558 3406 701 3458 Massiliam
717 3404 864 3470 persapisse
876 3412 902 3456 et
917 3405 986 3456 intra
1001 3407 1111 3456 triduum
1127 3407 1274 3472 expirasse.

151 3489 196 3543 Id.
213 3493 260 3551 42,
279 3491 309 3540 4:
329 3491 375 3542 Eae
388 3489 567 3556 praetoribus,
591 3493 635 3556 qui
657 3493 683 3541 in
701 3491 850 3556 montanas
868 3489 954 3540 ierant
978 3488 1065 3554 (enno
1088 3506 1113 3542 a.
1133 3489 1182 3542 ch.
1202 3490 1271 3557 173),

151 3576 189 3627 N.
207 3575 302 3625 Fadius
314 3575 448 3626 Massiliae
464 3575 583 3636 moritur,
602 3590 655 3637 cum
671 3576 698 3624 in
709 3575 853 3626 citeriorem
866 3575 1019 3641 Hispaniam
1035 3579 1101 3633 treta
1117 3579 1202 3641 itaque
1219 3592 1273 3626 cum

150 3659 183 3711 id
193 3661 331 3710 nuntiatum
343 3675 359 3710 a
371 3657 569 3710 Massiliensium
580 3660 671 3724 legatis
682 3666 751 3710 esset
762 3662 816 3710 ete.

225 3759 267 3827 14)
285 3759 347 3812 Liv.
365 3762 411 3824 40,
433 3761 477 3812 18:
500 3759 632 3811 Tarentini
648 3760 850 3826 Brundisinique
862 3761 1024 3826 nuntiabant,
1047 3763 1184 3814 mariamne
1195 3777 1273 3829 agras

149 3846 261 3910 infestas
279 3847 506 3896 transmarinarum
523 3847 620 3896 nemum
635 3847 777 3896 latrociniis
794 3861 866 3903 casea
889 3849 976 3898 eadem
989 3846 1164 3898 Massilienses
1181 3848 1213 3897 ale
1225 3847 1272 3897 Li·

148 3947 241 3998 purum
254 3930 358 3982 nauibus
371 3916 551 3996 querebantur.
564 3955 598 3966 -
610 3929 665 3980 Nea
675 3931 717 3980 rei
728 3931 824 3982 naualis
836 3947 899 3981 earn
911 3933 1016 3982 omissa:
1026 3933 1168 3982 duumuiros
1178 3932 1205 3980 in
1217 3946 1272 3980 eam

150 4031 207 4067 rem
223 4017 339 4067 eonsules
355 4029 448 4066 creare
464 4017 539 4080 tussi,
562 4017 631 4066 inter
648 4017 790 4066 duumuiros
810 4017 848 4066 iia
870 4018 952 4068 diuisa
968 4017 1061 4066 tuenda
1079 4017 1151 4066 mnis
1168 4013 1271 4064 nauibus

150 4103 277 4152 moritura
288 4116 345 4162 ora,
364 4105 392 4150 ut
403 4101 602 4164 promontorium
614 4101 646 4150 iis
658 4099 800 4159 Mineruae,
818 4103 885 4151 velut
896 4101 985 4163 cardo,
998 4101 1024 4150 in
1036 4101 1117 4150 media
1135 4103 1214 4156 esset,
1233 4101 1271 4148 al·

151 4193 194 4236 ter
205 4187 326 4238 &miram
336 4192 527 4252 portamusque
545 4187 581 4234 ad
592 4184 748 4246 Massiliam,
767 4186 862 4235 laenam
879 4187 946 4233 alter
957 4200 1035 4250 nsque
1053 4185 1089 4234 ad
1099 4181 1206 4231 Barium
1218 4189 1270 4232 iue-

151 4278 231 4325 retur.
259 4269 331 4323 Ibid.
346 4284 370 4320 c.
383 4271 429 4320 26:
449 4271 572 4321 duumviri
583 4272 687 4319 nauales
698 4271 781 4319 creati
799 4269 826 4320 O.
840 4268 970 4318 Matienus
987 4275 1012 4317 et
1031 4267 1058 4318 O.
1071 4267 1207 4317 Lueretius
1225 4283 1270 4318 na-

149 4369 244 4423 vesque
256 4357 289 4406 iis
305 4361 415 4406 ornam
432 4362 498 4419 aunt,
518 4355 693 4420 Matienaque,
706 4355 775 4404 euius
786 4355 822 4403 ad
840 4353 960 4405 Gallienam
970 4354 1050 4402 sinum
1060 4352 1270 4416 proclamarat,

149 4443 302 4508 imperatum
314 4447 361 4498 eat,
380 4447 407 4491 ut
418 4442 523 4491 classem
531 4441 615 4506 pmmo
628 4453 726 4508 qnoque
743 4445 855 4506 tempore
867 4439 972 4490 duceret
987 4439 1014 4489 in
1025 4438 1146 4504 Ligurum
1158 4453 1236 4490 oram
