3154 5162
506 465 588 523 elus
609 466 628 522 r.
652 439 653 446 ‘
673 465 781 522 clrvr
800 465 830 522 n.
1168 466 1228 528 105

22 717 26 734 ,
124 633 231 696 deserto
253 636 285 696 D.
310 634 404 695 Bruto
427 633 463 693 ad
485 634 646 695 Antonium
668 639 699 692 et
721 631 865 710 Lepidum
887 633 1014 692 transiit.
1052 631 1137 703 Quod
1160 651 1228 692 cum

23 735 24 738 ’
124 735 191 796 bene
212 737 404 802 successisset
427 741 546 814 etpost
568 737 856 814 lugam'nccemque
879 735 911 795 D.
937 735 1023 794 Bruti
1049 753 1139 795 nemo
1168 735 1227 794 iam

22 859 24 904 2
124 836 155 898 ab
175 837 226 897 bac
248 842 332 916 parte
361 844 440 898 esset
463 836 775 906 timendus,·decessit
797 835 927 914 Lepidus
950 855 1017 897 cum
1039 837 1167 898 Antonio
1191 855 1227 896 ex

123 941 263 1018 provincia
291 937 396 1000 relicto
424 939 456 998 L.
482 941 569 1000 Vario
598 937 699 1019 Gotyla
726 938 823 1015 legato
835 933 886 1016 ⁸³),
918 945 1006 1016 atque
1033 938 1132 1016 paullo
1161 945 1228 1017 post

22 1049 24 1112 3
122 1042 170 1102 sub
191 1043 278 1102 linem
301 1042 411 1102 mensis
427 1040 564 1118 Octobris
579 1043 657 1102 lacta
679 1047 725 1100 est
745 1039 795 1100 illa
811 1059 878 1100 cum
895 1041 1054 1102 Octaviano
1070 1039 1107 1100 de
1121 1041 1225 1100 trium·

22 1139 24 1216 J
123 1146 185 1204 viris
205 1142 386 1223 reipublicae
408 1142 632 1204 constituendae
655 1143 821 1202 conventio.
868 1141 931 1212 Qua
959 1143 990 1202 in
1020 1127 1156 1220 pactione
1178 1161 1225 1202 re-

22 1279 23 1284 .
123 1247 201 1305 linuit
222 1253 251 1306 et
272 1244 498 1306 Narbonensem
522 1251 551 1304 et
572 1243 744 1322 Hispaniam
768 1243 896 1322 Lepidus
919 1243 1042 1312 sedita,
1066 1249 1099 1302 ut
1122 1243 1226 1303 eodem

22 1329 23 1374 3
123 1353 259 1426 tempore,
292 1363 351 1424 quo
378 1346 495 1407 illarum
524 1347 746 1425 provinciarum
772 1345 932 1424 imperium
961 1352 1091 1414 teneret,
1115 1343 1227 1405 Romae

22 1457 23 1520 ζ
122 1449 297 1511 consulatum
320 1454 423 1526 ageret
446 1455 489 1516 ct,
515 1447 585 1509 dum
606 1450 672 1527 ipse
694 1449 726 1507 in
750 1446 823 1508 urbe
845 1454 1030 1516 remaneret,
1059 1447 1227 1525 provincias

120 1567 168 1628 per
187 1549 299 1628 legatos
321 1557 449 1627 regeret.
465 1545 502 1628 84)
533 1551 569 1610 lt
590 1552 649 1610 iam
672 1567 749 1611 anno
765 1553 806 1614 42
826 1560 895 1628 post
910 1547 1020 1609 bellum
1036 1548 1227 1630 Philippense

22 1647 25 1728 l
121 1668 134 1710 a
154 1651 272 1729 collegis
296 1653 408 1713 eiectus
431 1671 447 1712 e
469 1652 631 1730 provinciis
653 1652 825 1730 Hispaniam
849 1651 1008 1712 Octaviano
1036 1657 1156 1712 coactus
1184 1658 1228 1720 est

121 1753 217 1814 cedere
239 1773 308 1816 cum
325 1771 418 1832 eaque
433 1753 512 1815 haud
528 1752 618 1815 dubie
634 1752 872 1823 Narbonensem,
890 1760 923 1813 ut
938 1761 1091 1830 quactum
1107 1770 1227 1834 quoque

22 1863 24 1902 ἓ
121 1855 350 1916 commodissime
371 1854 427 1916 sub
450 1856 556 1916 eodem
577 1857 703 1934 imperio
724 1854 970 1940 atqueNHispania
992 1857 1175 1933 iungeretur.
1189 1851 1225 1932 85)

22 1963 25 2036 ξ
120 1953 156 2014 Ex
170 1957 288 2018 loedere
301 1957 480 2019 Brundisino
498 1959 611 2036 utique,
624 1956 703 2036 quod
720 1959 812 2016 ictum
825 1958 904 2016 inter
917 1955 1108 2018 Octavianum
1125 1962 1154 2015 et
1168 1955 1225 2016 An-

22 2063 25 2160 :
119 2059 224 2118 tonium
242 2065 289 2119 est
307 2077 385 2120 anno
402 2055 497 2136 40⁸⁶),
523 2062 690 2120 universam
713 2057 835 2119 Galliam
852 2057 1077 2135 Transalpinam
1100 2055 1227 2117 obtinuit

120 2156 286 2220 Octavianus
298 2177 396 2238 neque
412 2178 542 2236 unquam
556 2161 592 2221 ab
608 2159 664 2220 hoc
675 2159 744 2219 inde
760 2177 837 2219 anno
854 2175 949 2235 usque
965 2158 1000 2218 ad
1015 2177 1125 2219 annum
1137 2163 1178 2223 22
1190 2176 1224 2219 cx

22 2259 24 2270 ’
119 2260 245 2322 manibus
262 2263 327 2322 eius
340 2261 545 2323 Narbonensis
561 2262 677 2323 excidit:
701 2263 797 2338 Atque
812 2279 849 2320 ex
864 2259 920 2320 hoc
935 2267 1071 2340 tempore
1087 2261 1225 2321 continua
1240 2243 1250 2258 ’

119 2364 322 2440 tranquillitate
350 2363 423 2424 haec
450 2364 602 2444 provincia
625 2365 724 2442 coepit
745 2362 891 2441 gaudere,
923 2381 990 2423 cum
1013 2379 1111 2440 noque
1133 2360 1226 2423 civilis

22 2475 24 2506 ¹
116 2463 187 2524 inter
201 2467 363 2527 Antonium
386 2472 415 2526 et
437 2466 629 2527 Octavianum
651 2463 721 2525 belli
743 2462 849 2526 turbae
871 2463 929 2524 huc
951 2467 1150 2542 pervenirent,
1173 2483 1225 2524 ne·

118 2581 169 2641 que
191 2584 265 2644 quae
293 2567 456 2628 identidem
479 2567 652 2629 ulteriorem
672 2566 793 2627 Galliam
823 2568 984 2644 agitarunt,
1009 2565 1225 2627 Germanorum

22 2659 24 2670 ‘
117 2667 296 2730 incursiones
320 2677 349 2728 et
370 2671 505 2748 ipsorum
529 2667 680 2730 Gallorum
703 2668 864 2730 seditiones
886 2676 1017 2729 veterem
1044 2669 1226 2747 provinciam

117 2771 284 2832 excitarent.
331 2771 455 2842 Quando
469 2758 578 2831 'autem
600 2771 752 2832 ulterioris
775 2770 886 2831 Galliae
908 2789 958 2831 res
985 2768 1170 2846 flagitabant,
1194 2777 1227 2830 ut

118 2869 172 2930 sive
192 2873 257 2950 ipse
280 2874 443 2952 imperator
466 2874 527 2933 sive
550 2874 616 2950 quis
638 2872 712 2932 alius
736 2889 772 2932 ex
793 2871 881 2931 domo
896 2871 1086 2949 imperatoria
1102 2869 1225 2931 Galliam

116 2971 232 3043 viseret,
268 2974 415 3035 eiusmodi
442 2975 550 3035 itinera
579 2993 640 3035 non
662 2979 826 3053 potuerunt
852 2990 913 3032 non
936 2970 1126 3032 contribuere
1149 2990 1225 3031 novo

116 3077 278 3150 provinciae
301 3075 399 3137 ordini
422 3075 597 3137 stabiliendo
626 3081 656 3134 et
683 3073 838 3135 firmando.
884 3073 920 3133 Et
947 3074 1077 3152 primum
1106 3072 1225 3149 quidem

115 3174 142 3235 in
163 3176 286 3238 Galliam
310 3180 388 3238 venit
410 3177 587 3239 Octavianus
611 3197 635 3238 a.
661 3182 701 3244 39
724 3176 837 3236 ducens
860 3193 960 3235 secum
976 3175 1151 3252 Agrippam,
1176 3176 1226 3252 qui

117 3276 272 3340 seditiones
304 3279 346 3339 ibi
372 3286 454 3340 ortas
482 3278 600 3339 sedaret
629 3286 672 3346 et,
701 3283 860 3356 postquam
887 3277 951 3354 ipse
978 3277 1140 3355 imperator
1169 3277 1225 3338 sub

116 3377 198 3439 finem
221 3380 355 3441 eiusdem
378 3382 496 3441 anni-in
513 3380 626 3441 ltaliam
641 3379 789 3448 rediisset,
814 3396 890 3439 anno
914 3394 1033 3455 quoque
1055 3379 1226 3454 insequenti

116 3479 144 3539 in
165 3481 258 3542 Gallia
282 3489 463 3541 remaneret.
509 3482 574 3553 Quo
597 3500 674 3542 anno
698 3499 766 3540 cum
788 3481 819 3539 in
841 3480 998 3556 Aquitania
1019 3497 1085 3540 rem
1106 3486 1226 3557 gereret

22 3577 24 3584 '
114 3581 237 3662 Agrippa
268 3591 297 3644 et
326 3585 473 3660 insignem
503 3582 539 3643 de
561 3584 714 3662 Aquitanis
742 3582 894 3642 victoriam
921 3578 1148 3659 reportaretffl),
1173 3600 1224 3642 ne-

115 3699 192 3743 cesse
215 3686 313 3745 estin
336 3682 523 3745 Narbonensi
543 3686 695 3764 provincia
718 3683 835 3762 longius
859 3689 1059 3744 commoratus
1089 3685 1141 3751 sit;
1172 3702 1223 3743 ne·

113 3820 412 3833 w

176 3903 218 3968 83)
237 3904 311 3954 Plut.
329 3905 394 3958 Ant.
412 3905 453 3958 18.
472 3905 522 3958 efr.
542 3905 684 3954 Drumann
703 3905 725 3968 l,
744 3904 837 3954 35811.
857 3903 904 3954 ab.

177 3987 220 4054 84)
240 3989 310 4054 App.
328 3989 395 4042 bell.
415 3990 467 4040 eiv.
486 3991 512 4053 4,
531 3991 546 4038 2
565 4003 605 4054 sq.

176 4071 219 4139 85)
239 4073 349 4124 Tacent
362 4074 472 4138 quidem
485 4074 518 4124 de
531 4073 705 4124 Narbonensi
722 4075 750 4122 et
761 4071 903 4137 Appianas
916 4071 952 4134 (ὅ,
970 4069 995 4135 3)
1011 4074 1039 4120 et
1052 4070 1105 4119 Dio
1119 4067 1172 4134 (48,
1187 4067 1224 4136 1),

114 4157 141 4203 at
157 4172 190 4206 ex
208 4159 283 4208 omni
301 4158 445 4209 divisionis
461 4158 538 4208 illius
550 4159 658 4208 ratione
671 4155 899 4209 verisimillimum
918 4161 972 4218 est,
994 4153 1149 4205 Octaviano
1167 4156 1224 4203 tum

22 4249 24 4260 ·
113 4237 180 4290 hano
198 4241 374 4306 provinciam
393 4243 549 4294 obvenisse.

175 4323 218 4389 86)
238 4325 309 4392 App.
327 4328 354 4378 b.
374 4343 397 4376 e.
416 4328 444 4403 5’.
459 4329 501 4378 65.
536 4328 591 4379 Dio
610 4329 652 4392 48,
670 4327 712 4378 28.

175 4408 220 4474 at)
239 4410 310 4478 App.
329 4411 357 4465 b.
376 4427 401 4462 o.
418 4412 443 4474 5,
461 4413 503 4463 92.
