3154 5162
324 435 365 500 98
713 433 796 490 raus
817 433 836 490 l.
880 432 986 490 CAPV'l'
1008 431 1038 488 ll.

325 602 457 664 colunias
479 599 621 680 quasdam
645 599 788 660 conderet
809 601 916 660 civium
931 598 1148 666 Romanorum,
1173 613 1248 673 quae
1272 602 1302 655 et
1324 595 1445 656 firmum

326 710 427 765 essent
447 702 628 782 praesidium
651 703 721 763 nori
748 709 842 762 status
870 701 959 762 etad
982 699 1062 778 quod
1090 701 1235 777 optimum
1262 700 1310 758 ius
1338 714 1445 775 perve-

324 807 390 866 nire
419 810 555 884 possent,
585 803 816 883 provincialibus
847 801 1054 876 ostenderent,
1083 799 1190 861 deinde
1218 798 1352 860 secundo
1379 796 1447 857 locu

325 906 472 985 reliquam
487 905 687 985 provinciam,
704 911 828 985 excepta
842 910 971 972 tantum,
996 911 1028 963 ut
1042 902 1173 972 videtur,
1190 901 1333 978 Ligurum
1349 905 1446 978 parte,

326 1010 410 1070 Latio
433 1008 558 1068 donaret
581 1013 731 1084 tamquam
754 1007 851 1086 primo
873 1005 997 1066 civitatis
1019 1004 1121 1083 gradu.
1168 1004 1233 1075 Quo
1255 1004 1322 1081 ipsu
1346 1001 1446 1060 consi·

325 1109 365 1170 lio
389 1106 641 1188 comprehensum
665 1116 724 1176 est,
747 1115 781 1169 ut
808 1115 869 1168 tuta
888 1107 1039 1186 pruvincia
1068 1113 1151 1166 certo
1180 1104 1361 1184 oppidorum
1390 1120 1446 1162 nu·

326 1231 410 1272 mero
440 1209 679 1278 describeretur,
709 1227 837 1288 quorum
866 1227 953 1268 suum
983 1209 1090 1287 cuique
1118 1207 1303 1267 territorium
1335 1204 1448 1264 cantri-

326 1313 481 1382 bueretur,
494 1318 524 1371 et
539 1310 683 1390 quaedam
700 1328 768 1372 suas
782 1328 833 1370 res
844 1309 1068 1371 administrandi
1082 1307 1205 1369 libertas
1217 1305 1447 1368 concederetur.

327 1415 409 1486 Quae
433 1414 531 1472 omniu
554 1430 658 1472 revera
682 1412 769 1472 unius
792 1410 907 1472 consilii
929 1412 1036 1480 luisse,
1059 1409 1140 1471 nulla
1163 1428 1197 1469 re
1219 1409 1313 1486 magis
1336 1405 1448 1486 proba·

325 1525 390 1584 tur,
415 1531 504 1592 quam
528 1511 607 1590 quud
629 1512 694 1572 luca
717 1514 831 1574 minimi
853 1515 1012 1582 momenti,
1043 1513 1149 1602 Aptam
1171 1509 1290 1578 lulium,
1315 1509 1449 1586 Carpen-

327 1623 440 1679 toracte
468 1615 681 1681 Meminorum.
712 1614 908 1676 Carcasonem
936 1612 1040 1675 Latino
1069 1615 1134 1674 iure
1164 1612 1270 1673 donata
1299 1610 1449 1678 videmus

327 1719 412 1778 cuius
435 1716 506 1777 doni
528 1716 602 1775 ratio
625 1714 708 1775 nullo
731 1715 819 1775 modo
842 1722 941 1795 potest
961 1713 1110 1792 intellegi,
1139 1715 1196 1775 nisi
1225 1713 1261 1774 ad
1290 1714 1451 1773 universae

327 1818 498 1898 provinciae
521 1822 630 1877 statum
654 1817 794 1886 relertur,
820 1823 850 1877 et
871 1817 947 1878 hane
968 1818 1060 1896 igitur
1082 1814 1174 1876 babes
1198 1833 1343 1883 caussam,
1368 1811 1450 1873 unde

327 1922 444 1982 Aeriam
467 1935 586 1997 quoque
616 1922 645 1977 et
667 1918 854 1979 Burmannus
877 1919 1123 1995 Comacinamque
1151 1915 1226 1978 lulio
1249 1916 1371 1976 Caesari
1393 1913 1449 1974 La·

327 2024 399 2082 tium
422 2020 533 2082 debere
556 2018 724 2081 concludere.
756 2019 835 2098 Ergo
850 2021 1040 2081 manifestum
1055 2025 1113 2087 est,
1137 2026 1171 2079 ut
1192 2035 1284 2097 supra
1306 2017 1450 2084 diximus,

327 2143 387 2185 non
411 2129 468 2183 tam
498 2123 623 2202 praemii
650 2120 717 2181 loco
748 2119 923 2183 latinitatem
952 2128 1145 2200 propagatam
1175 2137 1255 2186 esse,
1290 2135 1383 2198 quam
1412 2134 1451 2176 ex

328 2227 458 2286 universi
487 2224 606 2302 imperii
632 2225 764 2292 ratione,
800 2240 925 2300 eamque
956 2229 989 2282 ut
1018 2220 1188 2300 intellegas,
1218 2218 1293 2279 haec
1328 2225 1452 2299 oportet

328 2326 515 2386 memineris:
541 2326 704 2385 extiterunt
725 2343 802 2385 anno
832 2325 896 2384 sere
919 2342 944 2384 a.
970 2322 1021 2385 Cb.
1048 2329 1088 2390 50
1111 2324 1264 2401 regiones,
1290 2337 1368 2398 quae
1395 2337 1450 2380 ne-

329 2443 386 2504 que
409 2425 509 2487 ltalico
524 2443 622 2504 neque
638 2425 751 2485 Graeco
766 2443 851 2486 mure
872 2426 1024 2486 institutae
1040 2431 1156 2492 essent,
1173 2430 1252 2484 tres:
1276 2422 1450 2501 Hispaniae,

328 2525 532 2590 Narbonensis
554 2532 656 2587 nostra
677 2528 844 2606 provincie,
869 2525 1009 2596 ulterior,
1039 2543 1127 2603 quarn
1155 2524 1244 2584 modu
1268 2523 1380 2585 Caesar
1408 2523 1451 2582 vi·

329 2635 426 2697 cerat,
450 2625 557 2696 Gallia,
582 2626 661 2704 quod
690 2647 778 2689 omne
805 2629 1025 2706 provinciarum
1047 2644 1142 2704 genus
1172 2645 1208 2686 ex
1235 2643 1312 2686 novo
1343 2624 1453 2685 ordine

329 2730 486 2791 aCaesare
502 2728 637 2788 instituto
662 2728 698 2789 ad
721 2728 826 2807 reliqui
850 2731 968 2808 imperii
990 2728 1079 2790 vitam
1100 2727 1217 2788 civilem
1240 2735 1305 2788 erat
1328 2727 1461 2787 conlur·'

328 2830 479 2892 mandum.
510 2831 546 2889 At
567 2829 725 2908 Hispaniae
748 2848 824 2891 annu
841 2830 960 2890 demum
976 2836 1016 2896 45
1032 2830 1125 2892 multu
1140 2829 1243 2890 labore
1258 2829 1453 2907 Pompeianis

327 2939 492 3012 potuerunt
508 2932 597 3010 eripi,
621 2930 746 2993 ulterior
768 2928 860 2991 Gallia
884 2931 1002 2992 vixdum
1025 2939 1128 3010 pacata
1151 2931 1241 2992 nimis
1263 2928 1361 2991 aliena
1385 2936 1451 2990 tum

329 3041 393 3096 erat
415 3051 537 3094 amore
559 3032 708 3093 Romano:
739 3051 796 3093 una
818 3034 909 3110 igitur
932 3034 1028 3093 extitit
1055 3034 1209 3112 provincia
1231 3031 1451 3100 Narbonensis,

330 3152 405 3212 quae
434 3135 617 3194 Graecorum
645 3135 824 3194 commercio
855 3140 1046 3213 praeparata,
1081 3135 1215 3213 ipsorum
1242 3133 1453 3194 Romanorum

330 3236 530 3294 dominatione
553 3252 607 3312 per
630 3235 815 3314 septuaginta
838 3252 931 3294 annos
952 3235 1094 3296 Romanis
1122 3233 1238 3312 legibus
1265 3240 1386 3296 assueta
1412 3251 1453 3293 eo

330 3333 513 3395 commodior
537 3341 601 3395 erat
622 3334 797 3412 exequendo
825 3337 1014 3414 imperaturis
1041 3335 1183 3406 consilio,
1211 3355 1272 3416 quo
1296 3337 1452 3414 angustiu-

329 3435 414 3496 ribus
448 3434 556 3496 srnibus
591 3442 655 3496 erat
689 3439 926 3517 circumscripta:
965 3436 1086 3498 ubinam
1118 3439 1276 3516 insigniori
1313 3435 1454 3516 exemplo

330 3535 468 3596 omnibus
496 3536 615 3615 pupulis
641 3539 739 3615 potuit
759 3540 901 3616 proponi,
931 3555 989 3614 qua
1019 3541 1134 3599 ratione
1161 3541 1294 3599 innovo
1320 3539 1453 3618 imperio

331 3655 406 3715 quae
428 3636 572 3696 barbarae
593 3638 713 3698 luerent
734 3640 918 3718 provinciae,
942 3646 1043 3700 essent
1066 3640 1313 3701 constituendae?
1338 3647 1368 3700 et
1392 3657 1454 3717 quo

331 3736 448 3797 meliori
474 3739 521 3797 via
549 3757 565 3798 a
592 3740 686 3816 priori
713 3739 749 3798 ad
778 3757 887 3800 novum
915 3746 1024 3801 statum
1047 3741 1163 3814 traduci
1190 3743 1289 3820 potuit
1310 3742 1455 3802 universa

331 3856 405 3917 gens
428 3854 516 3915 quam
538 3841 708 3917 propagatis
730 3858 784 3919 per
806 3859 924 3901 omnem
947 3843 1131 3920 provinciam
1153 3845 1299 3904 institutis
1322 3844 1453 3904 munici-

330 3937 457 4018 palibus,
481 3957 556 4018 quae
579 3938 671 4000 ltaliei
693 3957 811 4017 quoque
828 3941 925 4002 cultus
939 3943 1122 4003 tutissimum
1146 3950 1248 4004 essent
1270 3944 1453 4005 lurrdamen-

330 4048 408 4109 tum,
450 4041 530 4112 Quae
553 4039 659 4100 melius
681 4041 882 4111 illustrantur,
906 4044 931 4102 si
954 4059 1029 4120 quae
1053 4043 1160 4104 similia
1181 4046 1213 4105 in
1244 4043 1309 4105 aliis
1330 4047 1458 4126 imperii

329 4141 465 4220 partibus
488 4142 595 4202 Caesar
618 4142 642 4201 si
664 4159 724 4202 non
746 4142 783 4202 ad
805 4143 894 4202 finem
909 4143 1062 4221 perduxit,
1085 4146 1197 4225 incepit
1220 4145 1343 4223 quidem
1367 4153 1398 4207 et
1422 4154 1458 4208 ut

330 4242 508 4318 perficienda
531 4249 631 4304 essent
652 4245 835 4312 monstravit,
860 4261 1082 4322 comparamus:
1106 4248 1192 4306 mitto
1211 4246 1355 4320 colonias,
1381 4266 1458 4326 qrras

330 4341 362 4398 in
384 4342 499 4418 singula
521 4344 665 4419 quaedam
687 4343 750 4402 loca
773 4343 937 4404 celebriora
960 4345 1099 4416 deduxit,
1129 4353 1164 4408 ut
1185 4347 1401 4426 Carthaginem
1428 4359 1459 4412 et
