3148 5160
504 492 588 548 Plus
610 491 641 548 ll.
685 492 791 548 CAPVT
814 494 854 549 lll.
1182 498 1241 558 241

124 658 268 727 decuriis
298 656 406 736 probat
434 657 554 718 decuria
586 658 635 719 illa
669 658 805 720 lictorum
834 661 992 730 viatorum,
1027 678 1103 738 quae
1135 662 1244 722 «licitur

123 763 216 822 luisse
238 759 378 820 Narbone
402 758 478 839 (app.
502 779 532 820 u.
557 758 618 839 33).

209 879 251 939 lle
281 886 450 940 curatorum
479 898 549 940 vero
578 888 607 939 et
634 887 864 959 procuratorum
892 880 1027 941 Caesaris
1055 881 1158 942 olllciis
1188 882 1243 942 boc

123 979 189 1040 loco
217 979 401 1041 abstinemus
430 982 544 1050 dicere;
580 999 707 1061 namque
741 999 816 1058 quae
844 989 1014 1043 curatorum
1044 991 1073 1042 et
1100 985 1185 1061 origo
1214 992 1243 1043 et

122 1100 233 1142 munus
260 1082 364 1152 luerit,
394 1082 578 1144 commodius
605 1084 682 1144 intra
710 1090 889 1162 exponetur,
920 1093 1148 1163 procuratorum
1172 1104 1242 1146 vero

122 1184 263 1254 cilicium,
276 1183 372 1264 quoad
388 1204 448 1245 non
465 1192 494 1244 et
508 1187 604 1264 ipsum
622 1204 658 1245 ex
674 1187 842 1262 insequenti
859 1188 1042 1265 expositione
1054 1189 1242 1248 manifestum

121 1287 194 1354 erit,
218 1304 308 1364 supra
329 1288 387 1346 iam
410 1286 541 1347 breviter
563 1288 784 1366 descripsimus

366 1532 398 1586 2.
437 1531 487 1586 De
507 1529 664 1599 partibus
686 1529 1001 1587 administrationis.

214 1693 316 1754 Officia
354 1696 579 1772 magistratuum
611 1693 835 1773 provincialium
867 1694 1053 1773 publicorum
1084 1705 1240 1778 postquam

120 1797 237 1856 ratione
260 1815 456 1874 personarum
479 1796 744 1866 consideravimus,
775 1815 853 1857 nunc
876 1796 1031 1858 dicendum
1061 1808 1106 1859 est
1128 1801 1165 1860 de
1194 1820 1240 1860 ra-

119 1900 204 1958 tione
226 1897 408 1975 singulorum
432 1900 627 1976 negotiorum.
674 1898 706 1958 ln
730 1914 854 1975 quorum
878 1894 981 1958 ordine
1011 1906 1040 1958 et
1062 1901 1240 1962 iurisdictio-

120 2018 190 2059 nem
224 2008 254 2060 et
286 1999 413 2060 militare
446 1999 634 2078 proconsulis
667 2000 825 2078 imperium
858 2001 928 2059 satis
963 1999 1107 2061 babemus
1138 2005 1242 2080 paucis

120 2103 270 2179 attigisse;
295 2118 471 2180 quamquam
496 2103 574 2162 enim
597 2101 762 2162 iurisdictio
789 2096 918 2180 primum
941 2103 971 2162 in
994 2101 1090 2161 olticio
1113 2122 1239 2181 procon-

121 2203 194 2264 sulis
216 2201 369 2264 obtinebat
390 2203 505 2272 locum,
530 2211 627 2264 tamen
651 2201 780 2280 singulas
808 2203 1022 2264 iurisdictionis
1043 2210 1145 2281 partes
1168 2222 1239 2264 enu-

120 2323 238 2366 merare
261 2313 399 2366 nostrum
416 2323 475 2365 non
492 2312 549 2372 est,
574 2304 626 2364 sed
643 2322 761 2373 eorum,
786 2307 837 2382 qui
857 2303 1009 2365 historiam
1029 2304 1101 2364 iuris
1116 2305 1241 2367 Romani

121 2406 268 2468 scribunt.
307 2407 339 2467 ld
362 2415 475 2468 tantum
499 2406 793 2467 commemorandum
816 2405 873 2466 boc
896 2406 961 2467 loco
984 2413 1045 2476 est,
1069 2406 1124 2467 sub
1146 2409 1240 2487 impe·

120 2509 274 2570 ratcribus
308 2525 426 2587 quoque
450 2509 621 2586 ,provincias
653 2509 865 2569 iurisdictionis
900 2527 1002 2568 caussa
1035 2508 1142 2568 divisas
1175 2528 1240 2570 esse

120 2608 295 2689 regionibus
317 2611 491 2689 compositis
514 2628 548 2669 ex
573 2609 775 2689 compluribus
806 2611 937 2689 oppidis,
967 2613 997 2670 in
1026 2626 1151 2686 quorum
1182 2631 1240 2671 uno

20 2696 25 2704 ’
119 2711 225 2772 consul
249 2719 426 2773 conventum
449 2711 555 2789 agebat
576 2713 708 2788 regionis
729 2714 836 2788 iusque
858 2709 1090 2790 provincialibus
1113 2711 1238 2773 dicebat.

73 2799 78 2813 ⁸
119 2814 225 2891 Neque
248 2831 334 2883 vero,
360 2830 435 2889 quae
458 2813 489 2872 iu
511 2811 698 2873 Narbonensi
721 2832 754 2873 ea
777 2811 882 2872 divisio
904 2813 995 2872 luerit
1018 2814 1048 2872 in
1072 2812 1240 2890 quibusque

119 2913 240 2995 oppidis
262 2922 426 2975 conventus
454 2913 606 2975 iudiciales
629 2912 707 2975 soliti
734 2915 793 2973 sint
815 2914 877 2990 agi,
902 2915 1051 2990 cognitum
1075 2913 1161 2972 nobis
1185 2922 1239 2974 est.

118 3017 143 3078 E
170 3017 293 3078 militari
319 3024 417 3077 autem
447 3017 573 3095 imperio
603 3013 682 3091 quod
710 3015 824 3074 minimi
852 3021 916 3074 erat
944 3015 1102 3083 momenti,
1135 3013 1164 3073 id
1192 3013 1240 3073 bic

120 3118 306 3187 exhibemus,
330 3117 408 3194 quod
436 3119 467 3176 in
496 3116 573 3177 libro
602 3116 720 3194 Ulpiani
747 3115 784 3174 de
812 3116 909 3175 cilicio
939 3113 1127 3194 proconsulis
1155 3115 1239 3175 iube·
1316 3157 1319 3162 -

120 3229 168 3280 tur
191 3218 368 3300 proconsul,
397 3221 422 3279 si
445 3237 521 3296 quae
544 3219 656 3278 maiora
679 3235 770 3296 opera
792 3217 911 3296 publica
940 3217 970 3277 in
993 3217 1163 3295 provinciae
1187 3235 1239 3295 op-

119 3322 199 3401 pidis
221 3320 356 3381 iacienda
378 3322 451 3390 sint,
473 3320 610 3380 militaria
632 3336 750 3397 quoque
772 3319 936 3380 ministeria
958 3317 994 3377 ad
1016 3325 1171 3378 curatores
1188 3319 1238 3378 ad-

51 3463 54 3468 ·
118 3422 264 3484 iuvandos
287 3422 367 3482 dare.
380 3419 427 3499 168)

205 3542 314 3603 Contra
338 3541 374 3601 de
403 3540 539 3619 partibus
567 3539 844 3608 administrationis,
877 3555 952 3615 quae
974 3539 1097 3617 proprie
1120 3539 1238 3609 dicitur,

119 3660 300 3724 quamquam
328 3642 365 3703 de
394 3643 449 3726 bac
477 3660 510 3702 re
538 3642 716 3720 paucissima
744 3648 857 3700 tantum
886 3647 1005 3719 praesto
1034 3649 1104 3700 sunt
1133 3660 1169 3702 ex
1194 3645 1239 3702 in-

119 3742 333 3824 scriptionibus
351 3745 477 3813 nostris,
495 3741 612 3821 longius
623 3751 721 3803 tamen
735 3743 792 3801 erit
806 3741 973 3811 dicendum,
992 3742 1081 3821 idque
1100 3743 1140 3802 ita
1155 3744 1239 3802 insti·

120 3855 253 3914 luemus,
278 3853 311 3905 ut
332 3852 432 3924 partes
448 3844 711 3905 administrationis
727 3842 943 3921 distinguamus
959 3851 1113 3920 quattuor:
1138 3862 1239 3903 curam

119 3966 246 4027 operum
268 3946 472 4025 publicorum,
497 3963 572 4023 quae
595 3946 630 4006 ad
647 3945 806 4024 imperium
821 3942 866 4002 vel
888 3944 925 4004 ad
947 3946 1040 4022 ipsam
1056 3944 1239 4022 provinciam

120 4051 292 4109 universam
314 4049 481 4128 pertinent,
506 4065 609 4107 curam
631 4046 781 4106 redituum
806 4053 835 4104 et
857 4063 1016 4105 munerum
1038 4042 1238 4122 publicorum,

119 4169 222 4212 curam
246 4149 431 4227 singulorum
456 4148 649 4229 oppidorum,
674 4165 775 4209 curam
799 4164 953 4206 sacrorum
975 4145 1173 4224 publicorum.

188 4438 254 4504 lac)
273 4439 307 4489 L.
326 4439 341 4490 7
361 4439 384 4499 ἓ.
405 4441 417 4487 l
436 4438 501 4502 Dig.
520 4437 554 4486 de
573 4436 617 4488 off.
636 4451 761 4504 procons.

170 4554 293 4608 llerzog,
308 4553 393 4595 Gallice
407 4551 472 4593 Narb.
487 4552 538 4593 hist.
