3154 5162
528 463 610 520 roos
631 463 650 524 r.
692 462 800 520 wtrsrvr
822 463 862 520 111.
1004 490 1006 493 -
1085 427 1087 432 ’
1187 463 1247 528 107

583 763 704 831 caput
721 761 797 817 111.

149 925 197 984 De
219 921 312 984 rebus
334 923 368 982 in
390 922 551 1002 provincia
572 921 769 982 Narbonensi
791 920 864 982 inde
887 921 925 984 ab
948 941 1030 982 anno
1053 941 1081 980 a.
1103 919 1161 982 Oh.
1184 923 1225 984 22

282 1061 383 1122 usqne
405 1041 444 1102 ad
466 1043 681 1121 imperatorem
702 1040 931 1106 Diocletianum
953 1041 1058 1135 gestis.
1071 1035 1089 1116 ¹)

212 1348 363 1409 Emiserat
385 1347 504 1424 quidem
535 1348 636 1407 esuis
663 1345 799 1407 manibus
827 1345 1111 1407 administrationem
1135 1343 1247 1406 Galliae
1310 1425 1312 1428 Ι

130 1449 333 1512 Narbonensis
351 1450 515 1526 Angustus,
539 1466 638 1526 neque
658 1467 728 1511 vero
751 1466 869 1510 omnem
891 1448 980 1508 huius
1001 1449 1171 1527 provinciae
1193 1465 1244 1506 cu·

129 1571 191 1613 ram
215 1550 334 1612 abiecit.
380 1550 514 1628 Namque
536 1558 570 1610 ut
591 1552 711 1610 omnino
733 1552 904 1629 provinciae
932 1566 1052 1627 quoque
1079 1550 1246 1610 senatoriae

16 1689 31 1744 1·
129 1673 187 1714 oon
208 1655 253 1714 ita
271 1652 385 1712 liberae
408 1661 493 1713 erant
515 1653 551 1713 ab
574 1651 813 1731 imperatoribus,
836 1660 869 1712 ut
891 1669 952 1713 non
966 1651 1130 1712 identidem
1144 1669 1246 1712 curam

130 1773 232 1815 eorum
264 1756 440 1824 excitarent,
476 1755 518 1816 ita
547 1756 578 1816 io
606 1753 661 1814 hac
689 1760 790 1815 nostra
816 1756 992 1833 praesertim
1025 1756 1148 1832 regione
1181 1771 1251 1814 sae-r

128 1858 194 1935 pius
218 1864 298 1925 erat,
322 1855 402 1934 quod
426 1857 514 1916 etiam
536 1862 605 1935 post
627 1874 737 1916 annum
760 1860 801 1920 22
829 1859 889 1916 sive
911 1858 977 1934 ipse
998 1857 1161 1934 imperator
1184 1857 1245 1915 sive

130 1961 178 2034 qui
200 1960 268 2018 eius
292 1959 355 2018 vice
376 1957 572 2034 fungebatur,
596 1960 767 2038 provinciae
782 1976 884 2018 curam
900 1959 1080 2036 susciperet,
1104 1957 1244 2032 quoniam

129 2066 156 2120 et
177 2059 333 2120 ulterioris
354 2057 465 2119 Galliae
488 2067 518 2120 et
540 2059 717 2120 Germaniae
739 2066 833 2120 status
855 2057 922 2137 plus
938 2057 1030 2118 semel
1044 2059 1244 2137 praesentiam

129 2177 231 2222 eorum
262 2159 423 2249 flagitabat.
473 2162 575 2239 ltaque
605 2181 673 2222 cum
701 2181 726 2222 a.
748 2166 788 2227 20
818 2179 876 2221 oon
906 2158 1002 2222 solum
1031 2158 1106 2219 Galli
1138 2175 1244 2218 recens

129 2262 274 2331 subiecti,
309 2261 361 2322 sed
397 2264 484 2323 etiam
523 2265 555 2323 in
587 2264 729 2344 Hispania
762 2262 902 2325 Cantabri
934 2261 1075 2322 seditiose
1110 2266 1242 2338 agerent,

127 2364 258 2444 Agrippa
282 2365 344 2423 rice
365 2366 556 2443 imperatoris
579 2365 615 2426 ad
637 2363 786 2445 pacandas
814 2383 864 2425 eas
887 2365 1025 2442 regiones
1052 2365 1161 2424 missus
1185 2380 1243 2422 non
1303 2393 1308 2403 ·

128 2468 224 2544 potuit
248 2481 311 2526 non
332 2466 363 2525 in
385 2468 538 2544 provincia
561 2484 679 2547 quoque
701 2465 889 2528 meridionali
911 2483 986 2543 quae
1008 2464 1043 2525 ad
1066 2462 1177 2525 bellum
1192 2481 1243 2541 ge·

127 2568 256 2628 rendum
279 2584 354 2645 opus
377 2572 463 2627 erant
485 2568 591 2629 auxilia
614 2569 670 2629 sibi
693 2568 842 2630 vindicare
863 2567 992 2644 ideoque
1015 2568 1103 2627 etiam
1124 2565 1167 2626 ibi
1188 2567 1243 2626 im·

126 2671 244 2748 perium
275 2687 362 2729 suum
391 2665 572 2750 exercere.²)
617 2670 691 2731 Eum
721 2689 807 2740 vero,
841 2673 891 2747 qui
918 2672 950 2729 io
979 2685 1037 2746 qua
1063 2669 1186 2745 regione
1208 2685 1245 2727 ex

127 2769 267 2849 pluribus
300 2771 460 2848 provinciis
489 2773 652 2851 composita
684 2790 802 2833 summo
833 2773 959 2849 imperio
987 2768 1180 2846 fungebatur,
1214 2769 1245 2826 io

128 2871 250 2932 senatos
274 2888 392 2948 quoque
414 2873 576 2956 provinciis
598 2875 693 2934 maius
715 2892 804 2953 quam
820 2871 964 2952 praesidis
983 2872 1142 2948 imperium
1159 2886 1243 2927 erer-

128 2975 238 3042 ouisse,
263 2972 401 3052 pluribus
423 2974 567 3053 exemplis
590 2974 722 3036 docetur.
753 2976 856 3052 Neque
880 2973 957 3034 enim
973 2971 1069 3032 solum
1084 2971 1244 3048 Agrippam

128 3074 275 3135 eiusmodi
298 3076 393 3136 maius
420 3077 580 3155 imperium
608 3095 747 3137 exercere
776 3075 908 3135 videmos
935 3075 965 3133 in
993 3071 1145 3150 provincia
1167 3070 1242 3139 Asia,

127 3176 178 3236 sed
202 3177 293 3244 etiam
317 3175 511 3238 Germanicus
535 3179 655 3248 Caesar,
680 3196 748 3239 com
771 3197 796 3238 a.
821 3195 850 3256 p.
875 3175 928 3237 Ch.
953 3180 991 3240 19
1017 3191 1072 3252 per
1093 3171 1242 3241 Achaiam,

125 3275 346 3346 Macedoniam,
368 3279 482 3348 Asiam,
507 3296 583 3356 quae
606 3285 727 3340 senatus
749 3279 917 3358 provinciae
947 3284 1046 3345 erant,
1074 3276 1105 3335 in
1128 3275 1243 3355 Syriam

127 3395 158 3438 se
181 3379 343 3448 conferret,
367 3381 494 3440 internis
516 3380 634 3442 illarum
656 3383 878 3459 provinciarum
900 3378 991 3440 rebus
1011 3394 1132 3456 operam
1156 3391 1243 3436 nava·

126 3475 210 3558 viti)
258 3479 412 3541 Eiusmodi
433 3483 524 3558 igitur
545 3485 672 3562 imperio
695 3489 827 3543 utentem
850 3499 927 3542 anno
950 3499 975 3540 a.
1000 3479 1052 3541 Ch.
1077 3483 1118 3546 20
1140 3478 1243 3538 statui·

127 3600 193 3643 mus
209 3583 370 3660 Agrippam
385 3587 488 3660 pacata
510 3582 653 3645 ulteriore
669 3582 762 3644 Gallia
777 3582 935 3661 Luguduni
957 3580 1138 3642 residentem
1162 3584 1245 3659 quat-

129 3688 195 3743 tuor
218 3681 285 3744 illas
307 3685 369 3744 vias
391 3683 525 3763 publicas
548 3685 724 3747 muniendas
754 3703 889 3754 curasse,
919 3701 995 3762 quae
1018 3689 1139 3743 auctore
1162 3682 1243 3741 Stra·

195 3901 221 3966 1)
241 3903 273 3952 In
290 3902 342 3954 hoc
361 3904 453 3969 capite
472 3904 540 3954 satis
558 3905 691 3954 habemus
706 3909 847 3956 externam
858 3903 1019 3970 provinciae
1037 3900 1179 3951 historiam
1197 3899 1246 3949 de-

127 3987 264 4050 scribere,
286 3987 427 4038 interioris
450 4003 517 4038 vero
545 3992 633 4040 status
655 4003 831 4054 progressum
854 3989 912 4041 sive
934 3988 1002 4039 iuris
1025 3985 1193 4035 mutationes
1216 3987 1245 4034 et

128 4070 163 4120 ad
181 4074 271 4122 totam
289 4071 460 4136 provinciam
478 4075 507 4122 et
525 4073 560 4123 ad
578 4071 687 4139 singula
705 4073 806 4140 oppida
828 4073 1001 4139 pertinentes
1028 4069 1063 4120 ad
1086 4065 1244 4118 describen-

127 4154 191 4205 dam
210 4155 478 4208 administrationem
496 4156 662 4222 relegamus.

194 4237 223 4302 2)
242 4240 297 4290 Dio
316 4241 363 4307 54,
382 4243 422 4292 11.
1002 4297 1007 4304 Ι

195 4320 223 4386 3)
243 4323 352 4389 Ioseph.
369 4323 462 4390 Antiq.
480 4325 555 4376 XVI.
574 4327 604 4395 2,
623 4326 698 4378 3—5.
722 4325 790 4375 Tac.
809 4324 880 4374 Ano.
899 4326 928 4387 2,
947 4325 989 4375 54.
1013 4321 1063 4374 cfr.
1080 4317 1186 4384 Rittor,
1209 4320 1243 4372 de

126 4404 307 4460 Diocletiano
325 4421 457 4459 novarum
475 4423 565 4459 rerum
583 4411 613 4460 in
631 4425 687 4476 rep.
705 4409 793 4465 instit.
813 4412 927 4463 auctore
945 4409 967 4462 Ι.
986 4423 1012 4477 p.
1034 4409 1065 4461 10
1083 4423 1142 4476 sqq.
