3154 5162
624 497 708 554 PARS
730 497 759 556 ll.
805 498 912 555 uAPVr
934 501 952 556 l.
1285 507 1345 568 139

217 663 306 732 liam,
331 678 407 739 quae
426 682 465 723 m.
482 680 511 741 p.
529 659 593 723 VIII
610 663 693 724 inter
712 682 744 724 sc
766 663 885 736 distant,
909 668 1052 732 stationes
1068 686 1129 728 non
1146 676 1239 740 erant,
1265 672 1344 732 inter

218 763 386 826 Massiliam
408 771 508 826 autem
530 769 560 825 et
574 763 723 826 Arelatem
744 766 932 847 geographus
947 767 1103 831 Ravennas
1124 770 1163 851 lp.
1182 775 1253 837 244.
1272 771 1343 851 340)

218 867 336 928 indicat
359 864 502 928 Salariam
527 866 568 949 (la
588 865 749 946 Bedente),
774 867 936 931 Calcariam
962 869 1088 952 (Calas),
1113 873 1149 932 ad
1165 874 1357 934 Vicesimum

220 969 312 1048 (situs
332 963 465 1046 incerti),
489 969 665 1030 Maritimam
689 968 890 1050 (Mattiacas),
914 973 1021 1058 Fossas
1036 974 1181 1035 Marianas
1203 971 1343 1055 (Foz).²³)

219 1071 309 1144 Quae
341 1069 406 1132 loca
434 1087 493 1148 quo
524 1070 612 1132 modo
640 1072 720 1134 iuter
754 1073 904 1134 territoria
938 1074 1117 1155 oppidorum
1151 1077 1210 1137 sint
1242 1076 1343 1147 divisa,

220 1174 363 1236 conicere
384 1171 490 1234 inutile
513 1179 567 1233 est.

292 1275 393 1352 ,Quae
421 1293 490 1336 cum
518 1276 558 1335 ita
586 1276 660 1345 sint,
690 1259 790 1354 Aquae
820 1294 944 1338 necesse
973 1285 1019 1338 est
1050 1296 1154 1358 agrum
1182 1278 1344 1341 habuerim

209 1395 305 1458 ¹pone
326 1378 421 1456 ipsam
449 1374 556 1437 urbem
586 1378 733 1438 orientem
762 1385 791 1439 et
820 1380 1072 1458 septrentrIonem
1100 1401 1212 1444 versus.
1264 1383 1343 1443 Sitae

220 1481 307 1540 enim
335 1478 420 1539 eran't
441 1480 568 1559 Aquae
591 1479 759 1549 Sextiae,
789 1479 851 1540 aa
875 1498 912 1542 eo
935 1482 1099 1558 herenee,
1129 1483 1244 1545 colonia
1271 1483 1343 1546 Iulia

218 1583 326 1658 Aquae
350 1580 426 1664 (app.
450 1599 477 1641 n.
503 1583 591 1657 378),
616 1581 730 1642 colonia
751 1580 826 1643 Iulia
846 1585 979 1661 Augusta
1000 1584 1100 1664 Aquae
1124 1575 1163 1666 (n.
1188 1586 1275 1665 356),
1298 1587 1342 1646 in-

219 1692 272 1746 ter
294 1683 407 1763 primos
429 1690 546 1745 montes
569 1681 761 1762 Subalpinos,
792 1685 845 1764 qui
867 1683 904 1746 ab
926 1704 979 1746 ora
1001 1685 1175 1749 Massiliensi
1198 1688 1342 1748 orlentem

218 1803 330 1847 versus
353 1784 516 1847 secundum
538 1785 712 1847 Druentiam
741 1792 771 1847 et
800 1787 918 1848 Verdon
940 1787 1045 1849 fluvios
1073 1806 1167 1867 usque
1195 1789 1231 1851 ad
1253 1787 1343 1869 Alpes

218 1893 359 1966 surgunt.
412 1887 468 1959 Qui
495 1894 612 1948 montes
639 1888 679 1948 ita
708 1895 778 1949 sunt
805 1887 955 1967 dispositi,
985 1897 1018 1950 ut
1046 1889 1162 1951 duobus
1190 1889 1340 1959 tractibus

217 1989 318 2052 altero
341 1989 580 2068 septentrionali,
605 1987 792 2049 meridionali
813 1989 906 2050 altero
936 1997 965 2050 et
986 1993 1044 2051 iter
1065 1991 1232 2071 publicum,
1261 1991 1340 2069 qnod

218 2099 306 2154 recta
327 2092 372 2152 via
394 2091 485 2169 Aquis
507 2091 619 2151 Forum
641 2090 707 2151 Iulii
730 2090 927 2161 conducebat,
953 2098 983 2152 et
1004 2092 1126 2154 fluvium
1148 2096 1339 2170 Argenteum,

218 2195 275 2273 qui
291 2192 406 2254 medius
419 2191 577 2262 interfluit,
602 2199 779 2272 sequantur:
804 2200 892 2270 atque
908 2209 1103 2271 quaecunque
1123 2196 1154 2255 in
1170 2213 1204 2254 ea
1218 2194 1341 2272 regione

218 2297 415 2358 nominantur
440 2293 519 2364 loca,
543 2295 734 2355 inveniuntur
757 2295 922 2357 secundum
945 2298 1021 2356 viam
1043 2295 1139 2366 illam,
1164 2313 1238 2374 quae
1262 2295 1339 2357 dice-

217 2399 312 2461 batur
326 2397 461 2467 Aurelia,
486 2405 515 2457 et
536 2395 710 2458 dividendae
733 2405 803 2458 sunt
817 2399 976 2460 territoriis
991 2400 1158 2476 Aquarum,
1181 2398 1251 2458 Fori
1265 2395 1340 2467 Iulii,

215 2499 379 2580 Antipolis,
403 2500 490 2562 Fori
513 2500 683 2568 Voconii,
709 2498 786 2576 quod
810 2500 953 2580 oppidum
974 2508 1123 2562 remotum
1147 2505 1210 2560 erat
1232 2499 1340 2560 aForo

215 2601 290 2664 Iulii
312 2620 350 2662 m.
374 2620 403 2681 p.
421 2599 513 2662 XXIV
533 2603 632 2678 Aquas
654 2619 758 2662 versus
783 2602 844 2684 (cir.
862 2604 938 2664 inira
954 2622 1021 2683 app.
1040 2605 1131 2683 epigr.
1148 2620 1178 2681 p.
1196 2605 1256 2667 135
1273 2597 1337 2681 sq).

217 2705 363 2765 Ceterum
395 2702 444 2764 hic
477 2720 597 2783 quoque
631 2701 668 2770 ad
700 2702 903 2766 distribuenda
940 2706 1001 2765 viae
1029 2703 1167 2765 Aureliae
1200 2704 1341 2764 stationes

215 2813 343 2888 praeter
372 2804 527 2868 distantiae
563 2806 709 2868 radonem
740 2807 838 2865 omnia
872 2806 980 2867 desunt
1013 2806 1181 2867 testimonia
1213 2804 1341 2885 ideoque

216 2895 295 2970 satis
316 2907 474 2978 habemus,
499 2914 529 2968 et
552 2907 671 2968 nomina
694 2904 828 2968 locorum
851 2913 880 2968 et
893 2907 1039 2968 itinerarii
1053 2923 1210 2968 mensuras
1225 2904 1274 2968 hic
1289 2924 1339 2985 ap·

214 3012 368 3091 posuisse.
383 3006 419 3089 24)
464 3011 557 3073 Erant
579 3011 721 3071 stationes

307 3110 333 3190 a)
362 3115 441 3174 inter
469 3110 630 3192 Antipolim
660 3119 689 3171 et
710 3111 820 3171 Forum
844 3108 925 3170 Iulii:
956 3107 992 3170 ad
1015 3109 1129 3170 Horrea
1159 3109 1236 3188 (itin.
1261 3113 1338 3177 297;

214 3210 336 3292 Peut.)‚
360 3233 399 3274 m.
417 3233 444 3294 p.
462 3213 516 3274 XII
539 3214 575 3274 ab
596 3212 740 3292 Antipoli,
764 3211 857 3273 XVIII
880 3230 895 3271 a
917 3212 996 3272 Foro
1018 3210 1085 3273 Iulii
1109 3211 1246 3298 (Connes,
1267 3212 1338 3272 Anv.

213 3336 250 3398 p·
276 3319 347 3385 373,
370 3313 420 3377 alii
442 3310 554 3392 aliter);

307 3416 336 3496 b)
364 3418 444 3477 inter
470 3418 582 3483 Forum
609 3414 676 3476 Iulii
709 3425 738 3476 et
765 3416 877 3476 Forum
906 3415 1042 3476 Voconii:
1070 3433 1147 3494 pons
1175 3416 1341 3493 Argenteus

216 3519 298 3601 (Cic.
329 3518 365 3579 ad
392 3519 461 3579 iam.
486 3526 541 3588 10,
566 3522 615 3585 34.
633 3515 703 3596 35),
732 3519 757 3578 si
784 3516 903 3594 quidem
921 3518 1012 3578 ricus
1040 3516 1081 3576 ibi
1110 3523 1174 3578 erat
1199 3535 1256 3578 nec
1284 3519 1341 3578 nisi

215 3626 319 3684 castra
333 3626 450 3682 tantum
466 3620 502 3682 ad
523 3627 645 3700 pontem
668 3618 781 3689 habuit,
805 3621 856 3698 qui
879 3619 1016 3681 Ciceroni
1038 3623 1092 3678 ‘ex
1115 3624 1206 3698 ponte
1227 3621 1339 3698 Argen·

214 3727 290 3784 teo'
313 3722 427 3784 litteras
448 3722 514 3783 illas
535 3724 624 3791 misit,
647 3719 792 3800 Lepidus;

307 3821 332 3904 c)
355 3826 434 3885 iuter
457 3825 569 3885 Forum
592 3825 713 3884 Voconii
737 3829 766 3882 et
787 3825 885 3902 Aquas
908 3823 1036 3884 Sextias:
1061 3821 1257 3884 Matavonium
1280 3822 1340 3881 slve

214 3928 335 3991 Matavo
360 3925 438 4007 (itin.
469 3945 497 4005 p.
522 3925 598 4006 298)
627 3944 665 3986 m.
689 3942 718 4003 p.
743 3923 797 3985 Xll
828 3942 844 3985 a
871 3926 949 3986 Foro
978 3925 1101 3985 Voconii
1125 3923 1217 4004 (XVII
1238 3923 1337 3999 Peut.;

215 4101 248 4108 a·-

289 4195 335 4260 23)
354 4196 412 4250 Cis.
429 4203 542 4264 praeter
552 4197 743 4249 Ravennatem
760 4196 818 4248 tab.
832 4195 912 4247 Peut.
927 4199 956 4246 et
967 4195 1061 4249 itiner.
1072 4211 1100 4262 p.
1112 4195 1162 4246 298
1174 4207 1215 4258 sq.
1233 4191 1340 4244 Uckert

213 4301 245 4352 P.
264 4285 431 4431 292X)sdiuae
455 4367 489 4418 de
507 4367 554 4418 vie
571 4366 686 4417 Arrrelia
704 4383 737 4417 ex
754 4364 978 4433 inscriptionibus
997 4361 1093 4430 colligi
1113 4367 1244 4432 poterant
1265 4365 1339 4417 infra

216 4453 421 4520 composuimus
439 4469 500 4518 app.
521 4452 607 4518 epigr.
625 4468 652 4517 p.
673 4452 813 4504 lea-137.
