3154 5162
421 460 425 466 ’
502 473 587 531 PARS
609 474 639 531 ll.
684 473 791 533 GAPVT
809 475 840 532 11.
1160 478 1220 540 159

114 647 273 718 peratorum
295 644 391 700 aetate
413 659 474 702 non
496 648 542 702 est
563 647 724 710 mutatum,
754 643 813 702 nisi
841 640 919 718 quod
949 642 1067 702 interna
1095 641 1218 720 oppido·

114 760 173 803 rum
194 742 407 804 administratio
431 742 594 804 secundum
625 742 706 820 leges
729 742 834 803 Iuliam
862 741 1072 822 munipralem
1101 750 1130 804 et
1158 743 1219 804 Ru·

115 841 199 904 briam
214 844 329 905 videtur
345 863 411 906 esse
426 851 601 924 temperata,
625 851 655 907 et
669 846 794 922 Augusti
809 850 913 913 aetate,
937 852 1074 923 utsupra
1091 843 1129 923 (p.
1149 841 1219 923 101)

115 947 304 1023 exposuimus,
328 948 394 1007 iure
416 949 558 1026 proprios
581 965 718 1007 nummos
741 945 879 1024 signandi
894 945 1016 1006 Latinae
1031 945 1220 1025 respublicae

114 1055 174 1106 sunt
194 1049 334 1126 privatae.
379 1048 452 1109 Erat
473 1049 565 1126 igitur
587 1050 635 1110 ius
658 1036 835 1128 oppidorum
858 1048 1031 1110 Latinorum
1053 1055 1117 1110 tum
1139 1049 1219 1128 posi·

114 1155 167 1208 tum
188 1150 217 1209 in
240 1168 284 1220 eo,
310 1159 341 1212 nt
364 1152 535 1228 quicunque
557 1149 624 1211 talis
647 1151 748 1230 oppidi
770 1153 849 1211 cives
872 1157 980 1221 essent,
1004 1151 1106 1227 utique
1129 1149 1219 1210 habe·

20 1325 22 1328 ,
113 1257 172 1308 rent
196 1248 386 1321 latinitatem,
416 1253 477 1314 sive
504 1259 538 1313 ut
565 1254 777 1314 commercium
805 1253 842 1312 iis
870 1258 948 1312 esset
976 1269 1046 1312 cum
1067 1250 1218 1320 Romanis,

114 1351 261 1412 conubium
282 1371 344 1414 non
367 1337 454 1423 esset,
480 1355 531 1432 qui
554 1372 625 1415 vero
640 1356 815 1432 magistratu
833 1353 1007 1433 municipali
1029 1360 1130 1415 essent
1152 1354 1219 1415 iun·

113 1454 155 1520 cti,
177 1454 323 1516 civitatem
339 1454 502 1516 Romanam
524 1455 771 1535 adipiscerentur,
794 1456 893 1536 idque,
917 1461 950 1516 ut
970 1455 1095 1526 videtur,
1119 1464 1150 1516 et
1163 1456 1220 1534 ipsi

114 1561 138 1612 et
157 1557 302 1641 coniuges
317 1565 519 1637 parentesque
543 1577 577 1618 ac
598 1555 748 1636 liberi19),
773 1565 806 1620 ut
827 1557 957 1635 deniqne
981 1557 1104 1618 eandem
1127 1556 1220 1618 admi·
1292 1553 1294 1560 '

20 1705 21 1712 ,
111 1656 284 1718 nistrationis
307 1658 432 1720 sormam
455 1658 603 1720 haberent
632 1679 665 1720 ao
693 1661 854 1740 municipia
877 1661 985 1721 civium
1007 1660 1219 1728 Romanorum,

20 1783 21 1786 ¹
111 1758 161 1817 nisi
182 1759 257 1836 qnod
281 1763 509 1838 magistratuum
537 1747 704 1823 iurisdictio
728 1779 798 1840 erga
820 1762 941 1823 Latinos
969 1763 1134 1841 municipes
1161 1779 1221 1822 non

111 1858 162 1918 inri
182 1861 259 1922 civili
288 1870 352 1923 erat
382 1865 518 1930 astricta,
548 1863 602 1924 sed
624 1865 683 1924 iuri
705 1863 825 1932 Latino;
855 1882 946 1924 onera
969 1882 1039 1924 vero
1063 1873 1092 1923 et
1114 1862 1170 1924 soli
1192 1870 1221 1922 et

112 1961 206 2038 capitis
226 1961 274 2024 bis
298 1981 418 2042 quoque
447 1983 484 2024 ex
507 1966 658 2029 communi
679 1965 906 2043 provincialium
934 1963 1109 2026 condicione
1137 1971 1221 2024 erant

110 2061 239 2125 iniuncta.
285 2065 471 2128 Differebant
492 2068 583 2144 igitur
606 2065 740 2128 coloniae
763 2068 871 2126 civium
893 2065 1096 2127 Romanorum
1125 2064 1218 2126 aLa·

111 2162 171 2224 linis
191 2163 285 2227 multo
307 2169 401 2246 magis
423 2174 501 2229 statu
523 2187 720 2248 personarum
743 2185 831 2246 quam
853 2174 933 2228 statu
954 2169 1084 2228 universi
1107 2166 1218 2246 oppidi,

20 2301 21 2308 ,
110 2264 179 2326 unde
200 2269 313 2330 lactum
336 2276 395 2340 est,
426 2278 459 2331 nt
486 2277 550 2331 tum
579 2270 684 2331 saltem
713 2271 831 2332 fictione
846 2271 957 2349 ,potius
984 2287 1074 2349 quarn
1095 2271 1220 2330 veritate

20 2395 21 2400 κ
110 2363 197 2430 latini
224 2378 324 2432 essent
351 2371 504 2432 foederati.
558 2372 636 2433 Olim
664 2371 783 2449 quidem
817 2373 915 2452 primo
942 2371 1009 2432 loco
1036 2374 1114 2433 inter
1141 2390 1219 2432 rem·

109 2468 250 2544 publicam
273 2472 438 2535 Romanam
467 2481 496 2534 et
518 2473 637 2561 Latinos
658 2475 869 2535 intercesserat
897 2474 1026 2535 laederis
1053 2475 1144 2543 ratio,
1174 2492 1219 2534 se·

109 2571 197 2634 cundo
212 2573 279 2635 loco
297 2593 333 2634 ex
348 2575 470 2638 loedere
486 2584 644 2637 consecuta
660 2583 745 2637 erant
768 2575 913 2652 quaedam
928 2575 965 2636 de
987 2585 1090 2642 mutuo
1107 2577 1220 2642 ,civium

108 2674 256 2753 utriusque
272 2679 399 2738 civitatis
421 2677 591 2739 foederatae
605 2679 684 2739 inter
700 2697 732 2739 se
747 2679 812 2738 inre
833 2679 1001 2756 pactionem
1025 2686 1127 2758 postea
1149 2697 1220 2738 vero

108 2791 170 2834 cum
182 2778 374 2856 praevalente
393 2781 425 2840 in
441 2798 533 2840 annos
554 2799 588 2840 re
602 2779 736 2841 Romana
751 2779 923 2841 Latinorum
944 2779 1049 2840 loedus
1071 2799 1107 2840 ex
1124 2796 1220 2856 aequo

21 2863 23 2944 ἕ
107 2874 236 2954 iniquum
264 2881 378 2943 lactum
406 2890 483 2943 esset
512 2881 602 2959 bique
629 2882 751 2942 nomine
780 2882 873 2958 magis
902 2896 992 2957 quam
1019 2899 1053 2941 re
1077 2882 1124 2942 sui
1146 2882 1220 2940 iuris

21 2993 23 3054 ;
108 2994 165 3039 csse
186 2985 366 3062 coepissent,
391 2985 486 3044 maior
508 3002 578 3063 pars
599 2982 714 3062 publici
736 2984 811 3044 iuris
834 2980 949 3043 sublata
972 2993 1094 3042 estnec
1116 2982 1173 3041 nisi
1188 2983 1219 3042 in

21 3067 23 3092 ³
107 3079 166 3141 iure
187 3086 303 3162 privato
325 3085 499 3146 versabatur
514 3086 687 3147 Latinorum
710 3101 781 3162 erga
796 3085 945 3145 Romanos
961 3082 1104 3144 condicio.
1139 3083 1219 3142 Fieri

22 3211 24 3262 2
107 3183 219 3259 quidem
247 3193 312 3249 tum
341 3202 460 3264 quoque
482 3195 613 3268 poterat,
644 3194 678 3248 ut
705 3188 730 3247 si
759 3187 838 3263 quod
860 3185 1004 3266 oppidum
1026 3185 1219 3264 peregrinum

22 3355 24 3384 B
69 3295 71 3299 ’
107 3280 244 3348 latinitate
268 3287 451 3357 donabatur,
484 3290 549 3350 eins
578 3288 679 3368 oppidi
706 3287 834 3368 populus
862 3287 971 3350 iundus
999 3287 1085 3348 fieret
1112 3285 1220 3362 allegi

22 3385 24 3438 l
106 3383 259 3460 Romanae,
285 3407 344 3467 qua
366 3390 395 3450 id
419 3389 529 3450 donum
552 3390 682 3451 oblatum
706 3398 750 3451 est
771 3390 886 3468 hacque
908 3390 1004 3451 iorma
1020 3388 1132 3466 antiqui
1147 3388 1221 3448 iuris

22 3473 23 3546 J
107 3491 232 3565 speciem
255 3498 405 3561 servaret,
432 3498 461 3551 at
483 3493 508 3552 si
530 3509 606 3569 quae
629 3492 737 3572 oppida
759 3495 942 3553 coloniorum
969 3491 1140 3552 Latinarum
1166 3509 1219 3552 no·

22 3581 23 3600 ³
106 3591 178 3651 mine
206 3593 482 3663 constituebantur,
513 3600 546 3655 ut
573 3590 692 3656 nostrae
719 3595 890 3672 provinciae
913 3593 1035 3673 oppida,
1065 3591 1220 3673 probabile
1318 3658 1321 3663 ,

107 3698 160 3761 est,
182 3693 283 3773 legem
306 3713 323 3754 a
343 3695 485 3756 Romanis
507 3696 676 3775 impositam
700 3714 733 3756 ea
756 3715 815 3756 non
838 3696 936 3756 minus
958 3697 1108 3775 accepisse
1131 3713 1220 3773 quam

23 3831 25 3854 ι
106 3792 229 3856 colonias
259 3797 369 3857 civium
396 3796 609 3858 Romanorum.
660 3797 738 3858 Dicit
765 3798 885 3874 quidem
914 3797 1036 3866 Strabo,
1064 3799 1219 3876 proprium

105 4077 156 4114 esse
177 4084 225 4133 qao
241 4069 344 4132 fuerint
360 4068 549 4119 Ariminenses:
568 4072 697 4134 quosquis
713 4069 816 4134 ipuoret
828 4070 958 4118 duodecim
975 4069 1129 4118 coloniarum
1137 4066 1220 4129 fuisse

24 4145 33 4209 ’,
105 4157 127 4197 et
143 4168 158 4200 n
175 4153 272 4204 civibus
289 4153 409 4202 Romanis
425 4153 582 4202 hereditates
599 4169 693 4217 cepere
710 4155 842 4218 potuisse?
872 4151 923 4202 cir.
941 4152 1104 4215 Mommsen,
1123 4151 1218 4201 Roem.

24 4309 25 4312 Ἴ
106 4231 200 4288 (resen.
220 4240 251 4300 t,
272 4239 332 4287 sm.

168 4337 210 4400 19)
243 4337 324 4399 Quod
353 4337 501 4388 dicebatur
524 4338 635 4388 Latium
659 4339 762 4402 maius3
791 4338 841 4388 cfr.
866 4337 931 4389 Gaii
954 4337 1041 4391 instit.
1066 4340 1096 4402 1,
1119 4341 1152 4389 39
1176 4352 1217 4404 sq.

24 4419 25 4480 ἶ
103 4419 267 4485 Mommsen,
287 4421 391 4474 Stsdtr.
407 4438 435 4486 p.
451 4423 502 4474 405
520 4438 546 4472 n.
565 4425 606 4475 40.
