3148 5160
489 485 573 541 PARS
595 485 624 540 ll.
669 485 775 540 CAPVT
793 485 828 540 ll.
1155 489 1215 550 193

109 651 256 728 insignior;
289 653 339 727 qui
365 669 436 712 vero
466 650 688 730 magistratibus
716 659 801 711 erant
832 651 940 720 iuncti,
973 651 1010 710 iis
1038 650 1217 712 accedebant

109 757 169 828 toga
189 760 340 831 praetexta
364 760 393 813 et
415 755 600 832 apparitores
628 771 687 812 non
710 753 841 813 fascibus
864 752 917 812 sed
938 751 1051 812 bacillis
1075 755 1135 813 sive
1159 754 1215 812 vir·

110 854 148 928 gis
168 852 362 934 insignes90),
386 872 567 934 quamquam
596 873 657 915 non
680 854 820 924 deerant,
851 857 916 932 qui,
947 855 1024 914 sicut
1045 855 1217 915 Aveniensis

109 961 201 1014 noster
223 955 330 1016 llllvir
354 955 384 1017 C.
410 955 552 1017 Otacilius
576 956 746 1036 Oppianus,
775 957 825 1016 ubi
848 959 969 1035 impune
996 955 1062 1014 fieri
1089 961 1214 1034 poterat,

84 1055 138 1114 ‘ad
163 1055 251 1116 sellae
280 1057 390 1118 curulis
419 1063 448 1118 el
475 1058 599 1136 luscium
628 1056 774 1118 honorem
801 1057 851 1118 illa
884 1057 1010 1136 insignia
1039 1055 1216 1117 extollerent

90 1154 141 1231 ln·
163 1157 242 1238 404).
252 1155 290 1234 97)
320 1155 478 1220 Praeterea
500 1159 574 1219 ordo
597 1159 807 1227 decurionum,
831 1161 855 1218 si
878 1177 954 1236 quae
976 1158 1126 1238 sportulae
1149 1177 1214 1218 rnu-

107 1258 242 1337 nicipibus
265 1261 487 1330 dividebantur,
516 1262 659 1322 maiorem
689 1279 776 1338 quam
804 1260 913 1338 reliqui
943 1261 1074 1340 experiri
1101 1259 1215 1320 solebat

107 1357 313 1422 liberalitatem.
343 1363 476 1441 Denique
499 1363 657 1423 universus
680 1363 753 1422 ordo
779 1362 982 1447 appellabatur
1011 1360 1213 1439 splendidissi-

107 1477 165 1522 mus
187 1459 223 1541 (n.
250 1465 323 1538 453)
347 1465 408 1522 eive
432 1463 497 1524 aliis
520 1464 666 1524 eiusmodi
690 1461 916 1542 nominihus.⁹⁸)

181 1565 215 1624 At
244 1583 360 1625 summa
388 1566 418 1625 in
448 1567 610 1644 municipio
637 1565 777 1644 dignitate
805 1564 966 1644 gaudebat,
996 1565 1020 1624 si
1048 1565 1099 1642 qui
1126 1563 1214 1625 homo
1281 1625 1289 1632 ,

104 1665 295 1744 municipalis,
321 1673 478 1745 postquam
501 1665 640 1726 omnibus
662 1666 828 1728 honoribus
843 1669 874 1727 in
891 1666 1005 1727 colonia
1022 1685 1075 1726 sua
1096 1667 1215 1726 functus

105 1770 156 1833 est,
178 1765 222 1826 vel
245 1784 301 1845 per
323 1767 457 1829 militiam
486 1767 718 1848 splendidiorem
742 1769 786 1828 vel
815 1767 852 1828 ob
880 1786 1003 1828 censum
1033 1770 1214 1829 senatorium

104 1865 142 1924 vel
164 1867 283 1946 speciali
306 1868 405 1946 aliquo
427 1871 571 1949 principis
593 1869 738 1930 beneficio
765 1869 856 1930 latum
879 1869 993 1930 clavum
1022 1869 1058 1929 ab
1086 1871 1214 1948 impera·

45 1975 47 1980 '
103 1972 160 2027 tore
177 1968 341 2048 accipiebat
353 1971 413 2030 sive
427 1970 461 2030 ad
476 1971 607 2031 urbanos
619 1969 749 2031 honores
761 1988 815 2049 per
833 1987 943 2045 eosque
954 1973 984 2030 in
998 1969 1213 2048 amplissimum

102 2069 209 2147 imperii
224 2071 361 2132 ordinem
378 2066 560 2132 senatorium
575 2072 728 2131 transibat.
753 2070 794 2131 lle
811 2070 918 2148 quibus
935 2090 1024 2150 supra
1036 2071 1074 2152 (p.
1085 2075 1144 2136 166
1156 2070 1211 2150 sq.)

102 2169 153 2229 iarn
174 2171 317 2240 diximum
343 2180 388 2248 est
410 2180 525 2242 autem,
550 2172 629 2249 quod
652 2170 701 2232 hic
723 2175 753 2233 in
770 2174 944 2232 memoriam
961 2190 1012 2233 eos
1028 2190 1210 2242 revocemus,

102 2272 173 2346 quod
195 2273 342 2335 eiusmodi
365 2275 420 2334 viri
447 2277 569 2354 proprie
597 2272 716 2352 quidem
745 2275 911 2352 municipes
940 2293 1000 2334 non
1028 2274 1087 2333 iarn
1117 2280 1210 2342 erant,

101 2374 258 2436 retinebant
277 2383 375 2436 autem
391 2377 537 2454 originem
553 2381 695 2450 quantum
712 2377 941 2450 colemnitatem
957 2378 1167 2450 municipalem
1175 2373 1210 2454 99)

99 2473 217 2552 ideoque
232 2477 436 2563 ‚municipales
459 2465 596 2537 honores
611 2484 674 2538 tum
698 2495 815 2555 quoque
838 2484 976 2556 poterant
998 2495 1113 2554 gerere.
1160 2478 1213 2538 Ge-

100 2581 188 2637 terum
217 2581 327 2640 miram
355 2576 483 2639 hominis
511 2579 700 2658 municipalis
728 2579 902 2641 modestiam
929 2579 1036 2658 probat
1057 2580 1213 2657 inscriptio

99 2676 125 2735 C.
140 2678 247 2740 Valerii
270 2680 440 2740 Macedonis
459 2681 648 2748 Viennensis,
674 2682 724 2756 qui
747 2680 875 2740 oblatam
899 2679 935 2741 ab
951 2681 1099 2740 Hadriano
1123 2697 1212 2756 quae·

97 2785 201 2840 staram
225 2781 372 2842 urbanam
388 2782 536 2841 recusavit
552 2780 691 2842 laticlavi
707 2789 881 2842 ornamento
899 2787 1057 2841 contentus
1074 2779 1111 2859 (n.
1130 2781 1212 2859 512).

173 2882 217 2942 Ex
241 2883 439 2944 decurionum
462 2880 568 2942 ordine
591 2884 616 2942 si
631 2882 838 2943 descendimus
861 2881 896 2941 ad
916 2883 1039 2958 plebem,
1057 2883 1132 2942 duos
1147 2881 1211 2958 ple·

96 2978 226 3044 beiorum
250 2983 383 3052 ordines,
407 2985 553 3060 ingenuos
577 2991 605 3043 et
628 2981 782 3043 libertinos
806 2983 933 3042 diximus
958 2983 1096 3051 discerni,
1120 2980 1211 3056 idque

95 3081 249 3145 discrimen
274 3085 402 3145 maxime
426 3086 619 3163 conspicuum
650 3102 714 3144 esse
743 3101 854 3161 genere
884 3086 958 3144 vitae
987 3087 1047 3144 sive
1076 3087 1210 3160 quaestu,

94 3185 166 3261 quod
194 3185 407 3247 libertinorum
443 3192 584 3262 quaestus
611 3189 727 3264 positus
755 3187 846 3246 luerit
873 3186 904 3244 in
931 3187 1068 3246 tenuiore
1097 3203 1211 3244 merca-

93 3291 168 3360 tura,
191 3289 393 3366 ingenuorum
416 3288 447 3346 in
469 3288 659 3365 possessione
682 3304 831 3365 agrorum.
863 3285 923 3347 lam
947 3304 1017 3347 vero
1040 3288 1070 3345 in
1087 3284 1210 3365 quibus·

93 3383 154 3446 dam
181 3388 431 3468 inscriptionibus
463 3406 709 3466 possessores
738 3390 799 3449 sive
828 3387 963 3448 ordIncm
991 3389 1211 3468 possessorium

91 3502 395 3516 ψ

95 3576 120 3620 et
137 3575 357 3640 amphitheatris
376 3578 590 3624 commemorata
608 3591 662 3624 non
680 3576 872 3637 inveniantur,
892 3574 941 3623 sed
958 3579 1066 3624 tantum
1083 3574 1146 3623 loca
1165 3573 1211 3622 de-

91 3657 227 3708 curionum
246 3660 362 3710 deereto
382 3658 446 3707 aliis
465 3673 598 3708 concesse
616 3657 691 3723 (app.
709 3674 754 3707 nn.
768 3661 825 3708 225.
845 3657 919 3721 324),
939 3675 1033 3709 verum
1052 3661 1080 3707 ct
1099 3655 1212 3708 aliunde

90 3743 155 3794 satis
179 3749 278 3795 notum
303 3747 355 3807 est„
368 3743 397 3792 id
418 3743 574 3792 institutum
599 3742 655 3806 (lex
672 3743 723 3792 Iul.
742 3745 873 3808 municip.
898 3759 941 3793 vv.
963 3745 1011 3793 133
1029 3757 1069 3806 sq.
1090 3743 1138 3791 137
1158 3739 1211 3805 sq.)

91 3831 115 3874 et
132 3829 214 3879 facile
239 3827 431 3892 intellegitur,
455 3827 542 3891 primo
566 3825 628 3876 loeo
652 3826 707 3876 sibi
730 3828 901 3878 consuluisse
924 3827 1099 3882 decuriones,
1123 3827 1211 3890 prius-

90 3924 166 3973 quam
185 3913 254 3963 aliis
275 3927 338 3961 eum
356 3911 486 3962 honorem
506 3911 696 3960 concederent.

151 3997 195 4062 96)
215 3997 277 4050 cfr.
291 3996 466 4060 Marquardt‚
486 3994 642 4045 Handbueh
660 3994 708 4044 der
720 4011 803 4045 roem.
816 3995 935 4046 Altertb.
949 3999 974 4058 3,
990 3997 1012 4057 l,
1026 3997 1075 4046 355
1093 4008 1119 4042 n.
1134 3993 1210 4046 2308.

151 4084 196 4146 et)
216 4081 278 4132 cfr.
299 4081 381 4130 Mart.
400 4081 425 4143 8,
445 4081 485 4142 ta,
506 4081 595 4130 3—6:
614 4079 744 4128 Arcanum
767 4095 896 4143 properas
914 4082 999 4144 sequi,
1023 4079 1116 4134 libelle,
1140 4093 1211 4142 quem

85 4167 256 4228 pulcherrima
268 4167 321 4216 iam
337 4165 423 4215 redire
437 4163 538 4222 Narbo,
556 4165 625 4216 docti
641 4163 729 4214 Narbo
742 4165 858 4214 Paterna
873 4164 989 4226 Votieni,
1008 4163 1044 4210 od
1059 4165 1127 4226 leges
1144 4161 1211 4211 iudet

88 4265 274 4319 annuosque
293 4251 413 4313 fasces.

149 4337 194 4402 98)
213 4337 275 4387 cfr.
295 4334 427 4398 Hemen,
446 4333 502 4383 ind.
523 4334 557 4383 ed
576 4333 662 4385 Orell.
681 4351 707 4400 p.
729 4336 786 4384 151.

149 4422 195 4489 99)
215 4421 277 4472 Cfr.
298 4435 382 4484 supra
400 4435 426 4484 p.
446 4420 494 4468 182
513 4435 539 4468 n.
560 4421 600 4469 ts.

132 4537 253 4590 Herzog,
269 4531 357 4574 Galliae
369 4531 436 4575 Narb.
448 4533 499 4573 hist.
