3184 5162
287 485 312 532 X

286 648 378 718 runt,
402 636 600 701 clarissimos
628 637 715 700 viros
737 635 906 699 Halmium
927 633 1157 701 Monacensem
1185 651 1218 701 et
1240 637 1408 704 Starkium

190 785 191 790 η
287 735 608 822 Heidelbergensem,
630 759 673 802 ex
688 737 806 822 quibus
821 735 885 817 ille,
909 759 974 822 qua
994 739 1114 802 eximia
1129 747 1179 802 est
1199 737 1406 820 liberalitate,

234 911 240 917 ,
286 834 418 904 facilem
439 837 658 904 bibliothecae
679 837 884 902 Monacensis
911 859 1007 902 usum
1033 839 1127 908 nobis
1154 839 1324 924 praebuit,
1354 841 1407 906 hic

286 961 372 1026 quae
393 942 466 1025 ipse
487 941 521 1004 in
544 939 658 1004 eadem
681 941 812 1024 regione
834 938 975 1023 collegit,
998 939 1137 1004 libenter
1158 948 1191 1004 et
1213 942 1407 1008 amicissime

288 1041 520 1128 suppeditavit.

371 1141 540 1206 Tradituri
568 1149 676 1206 autem
703 1143 768 1206 iarn
796 1142 858 1206 hoc
886 1164 967 1227 opus
994 1145 1138 1207 virorum
1166 1142 1333 1206 doctorum
1360 1145 1407 1206 iu-

288 1243 373 1307 dicio
396 1265 460 1308 non
482 1241 716 1324 contendimus,
739 1252 806 1307 tam
828 1243 923 1329 plene
938 1242 1072 1309 consilio
1088 1245 1254 1328 proposito
1276 1265 1335 1308 nos
1358 1266 1406 1307 sa-

287 1346 329 1409 tis
345 1343 477 1424 fecisse,
506 1353 544 1408 ut
564 1344 644 1408 nihil
666 1365 725 1408 nos
747 1345 885 1430 fugerit,
913 1345 1001 1430 quod
1025 1345 1069 1409 'de
1092 1344 1312 1409 Narbonensis
1334 1367 1407 1430 pro-

286 1446 414 1512 vinciae
436 1445 534 1510 rebus
556 1445 637 1510 latet
658 1447 692 1510 in
707 1446 894 1512 auctoribus
908 1447 1233 1531 inscriptionibus've3
1256 1455 1289 1509 at
1304 1446 1406 1510 altera

287 1569 329 1610 ex
351 1556 443 1632 parte
466 1547 522 1630 qui
544 1547 778 1612 examinabunt
805 1547 891 1611 hunc
913 1548 1048 1628 librum,
1078 1568 1133 1610 eos
1162 1569 1328 1634 speramus
1359 1549 1406 1612 in-

286 1657 441 1713 venturos
475 1669 563 1728 esse,
597 1669 809 1734 quaecunque
848 1650 1045 1733 recepimus,
1082 1669 1149 1712 non
1181 1659 1301 1713 temere
1333 1671 1405 1712 esse

286 1751 480 1837 composita,
511 1750 568 1813 sed
596 1771 639 1814 ex
665 1748 866 1816 documentis
894 1772 992 1836 quam
1019 1749 1207 1835 plenissime
1229 1748 1405 1834 legentium

285 1853 406 1917 iudicio
430 1853 583 1918 subiectis
606 1860 696 1916 certa
718 1852 773 1916 via
795 1874 833 1916 ac
855 1852 981 1916 ratione
1003 1852 1153 1917 deducte.

370 2039 566 2124 Scripsimus
589 2039 761 2124 Tubingae
783 2059 894 2104 mense
917 2039 1068 2124 Augusto
1092 2037 1372 2102 MDOOOLXIV.

322 2199 337 2254 Ι
1039 2289 1081 2370 Ε.
1115 2289 1276 2392 Herzog.
