3154 5162
518 519 602 576 PARS
624 517 643 572 l.
687 517 793 574 CAPVT
816 517 857 574 lll.
1182 523 1242 584 117

21 719 23 726 ·
134 686 206 762 quod
232 683 365 764 patribus
391 687 579 766 permiserit,
616 692 647 745 ut
680 684 877 764 proconsules
908 693 1061 754 crearent;
1099 687 1150 748 sed
1182 704 1241 765 quo

22 777 23 788 ’
132 789 203 848 inter
225 787 366 848 Severum
388 787 588 850 Alexandrum
617 794 647 848 et
669 788 804 848 Tacitum
834 795 970 868 ternpore
992 789 1039 850 ius
1061 795 1182 851 senatus
1205 790 1241 852 ad

132 891 335 970 imperatorem
357 892 523 961 transierit,
548 892 714 952 accuratius
738 891 854 951 deliniri
876 909 937 950 non
958 895 1066 970 potest.

207 991 249 1054 ald
277 993 394 1052 tristem
422 1011 493 1054 vero
519 992 599 1052 illam
635 994 755 1071 triginta
784 999 977 1074 tyrannorum
1005 998 1133 1054 aetatem
1161 993 1241 1070 quod

131 1096 240 1165 attinet,
271 1102 388 1156 constat
416 1096 547 1155 extitisse
574 1096 770 1172 imperatores
796 1095 828 1154 in
854 1093 997 1155 ulteriore
1020 1093 1112 1156 Gallia
1133 1094 1239 1156 Postu·

131 1197 214 1256 mium
238 1195 465 1277 (258—265),
491 1195 670 1264 Lollianum,
694 1196 893 1266 Victorinum,
918 1195 1055 1266 Marium,
1078 1197 1239 1257 Victoriam

130 1299 184 1358 sive
199 1300 378 1359 Victorinam
396 1297 488 1379 (265),
512 1298 663 1360 Tetricum
681 1295 879 1380 (265-274),
903 1299 981 1358 inter
996 1317 1072 1378 quos
1089 1305 1118 1359 et
1133 1299 1239 1360 Postu·

129 1401 198 1461 mins
220 1408 249 1461 et
272 1401 408 1461 'letricus
430 1401 514 1462 firnra
537 1419 626 1461 manu
649 1406 679 1460 et
699 1401 858 1480 imperium
881 1407 1042 1461 tenuerunt
1065 1407 1093 1461 et
1115 1400 1241 1462 Romani

128 1504 247 1564 nominis
277 1503 450 1580 dignitatem
478 1508 650 1571 servarunt;
680 1483 770 1580 atque
796 1501 866 1562 licet
893 1503 1044 1572 conicere,
1079 1502 1155 1562 banc
1185 1522 1239 1563 no·

128 1610 211 1664 stram
238 1605 423 1683 provinciam
451 1603 682 1672 beneficiorum,
712 1621 788 1681 quae
816 1622 852 1663 ex
880 1603 976 1665 valido
1004 1603 1061 1664 boc
1091 1623 1148 1684 per
1175 1603 1258 1665 illas,

21 1747 22 1750 ,
128 1704 222 1767 turbas
243 1707 372 1784 imperio
395 1706 733 1776 Galliis'redundarunt
756 1707 932 1792 participem
954 1706 1057 1767 luisse.
1103 1708 1239 1768 Attamen
1259 1736 1262 1740 ⁴

21 1821 22 1870 ἶ
126 1808 225 1868 mirum
249 1809 353 1886 utique
377 1815 430 1878 est,
454 1808 534 1888 quod
557 1811 588 1870 in
611 1808 736 1869 Gallieni
758 1809 876 1887 quidem
899 1806 1044 1869 honorem
1066 1809 1182 1887 positus
1203 1809 1238 1869 ti·

127 1909 198 1972 tulus
219 1929 299 1986 unus
322 1906 453 1990 extat42),
477 1918 580 1972 contra
604 1928 640 1970 ex
663 1909 802 1971 omnibus
824 1908 892 1978 illis,
917 1911 967 1986 qui
990 1908 1123 1970 Gallieno
1147 1909 1237 1970 obsti·
1307 1911 1310 1918 '

21 2077 22 2096 ἒ
126 2017 235 2081 terunt,
259 2031 299 2073 nc
322 1998 555 2090 uniusquidem
576 2014 720 2073 memoria
746 2013 777 2072 in
800 2010 854 2072 hac
877 2011 1027 2090 provincia
1050 2009 1110 2070 ullo
1132 2029 1238 2072 monu-

21 2177 23 2188 p
125 2121 218 2176 mento
241 2120 417 2176 conservata
446 2120 499 2174 est.
546 2115 684 2175 Ceterum
713 2132 780 2174 curn
811 2119 934 2192 excepto
963 2113 1088 2173 fortasse
1117 2111 1238 2174 Claudio

21 2215 23 2246 ³
125 2212 288 2294 Gothic043)
317 2234 355 2276 ne
382 2214 567 2295 reliquorum
591 2216 712 2297 quidem
734 2215 903 2295 principum
932 2220 1000 2275 ante
1023 2213 1238 2275 Diocletianum

21 2377 23 2398 Ι
125 2325 218 2378 extent
239 2316 330 2386 tituli,
353 2317 427 2377 nihil
450 2336 486 2378 ex
509 2323 703 2398 tyrannorum
725 2316 845 2378 illorum
868 2315 1015 2391 oblivione
1030 2300 1236 2377 concluserim.

21 2421 22 2462 Τ
124 2419 202 2490 Quod
224 2418 334 2480 deinde
363 2420 441 2480 inter
465 2419 611 2481 devictum
639 2419 677 2480 ab
704 2418 918 2514 Aurelianossa.
943 2424 1005 2484 274
1032 2419 1185 2480 Tetricum
1209 2425 1238 2478 et

53 2521 59 2528 ’
123 2521 333 2584 Diocletianum
366 2522 492 2582 interest
532 2513 666 2602 tempus,
705 2522 735 2582 id
773 2520 877 2582 saltem
910 2519 1104 2582 memorabile
1138 2522 1235 2591 offert,

21 2699 23 2714 i
122 2623 204 2700 quel,
228 2625 254 2685 si
280 2622 400 2700 quidem
417 2623 567 2684 Victorem
591 2629 620 2683 et
634 2623 812 2703 Eutropium
829 2623 922 2698 audis,
946 2624 1054 2685 iterum
1077 2622 1150 2684 baec
1166 2642 1236 2702 pro·

21 2737 23 2770 ÷
122 2725 210 2787 vincia
231 2728 448 2805 imperatorem
477 2724 558 2786 dedit
580 2726 722 2804 imperio,
752 2726 789 2786 M.
812 2724 965 2788 Aurelium
988 2725 1111 2793 Carum,
1138 2731 1238 2785 ortum

21 2821 23 2902 ξ
121 2822 310 2905 Narbone.⁴4)

21 2999 23 3016 ἑ
199 2929 343 3009 Sequitur
365 2927 472 2989 deinde
494 2928 668 2990 Diocletiani
690 2927 739 2988 illa
761 2936 856 2996 aetas,
886 2946 944 3006 qua
966 2927 1156 2995 Maximinus,
1180 2927 1235 2988 Ba·

21 3021 23 3080 ἷ
120 3030 281 3106 gauderum
302 3031 332 3090 in
356 3029 458 3091 Galliis
486 3029 694 3092 rebellantium
722 3031 832 3098 victor,
862 3048 887 3090 a.
918 3033 979 3096 286
1007 3047 1024 3088 a
1053 3027 1235 3090 Diocletiano
1317 3065 1319 3068 -

21 3139 23 3154 '
119 3131 146 3191 in
168 3133 355 3195 consortium
378 3138 408 3192 et
429 3133 548 3212 imperii
571 3139 602 3193 et
622 3133 752 3193 nominis
769 3133 893 3209 Augusti
916 3130 1072 3199 admissus,
1096 3148 1165 3192 cum
1186 3148 1234 3190 re-

21 3223 23 3262 l
119 3230 202 3310 liquis
224 3233 363 3315 partibus
379 3233 541 3295 occidentis
562 3241 695 3296 nostram
719 3249 837 3311 quoque
859 3233 1041 3312 provinciam
1064 3231 1120 3293 sub
1141 3233 1235 3311 impe-

21 3359 23 3410 ς
119 3335 192 3397 rium
215 3354 305 3398 suum
329 3337 471 3414 suscepit.
516 3335 647 3397 Athaco
670 3341 751 3396 aetas
780 3352 929 3412 novaque,
959 3351 1035 3412 quae
1057 3352 1137 3394 nunc
1159 3335 1262 3414 lacta⁸

21 3441 23 3512 j
119 3443 172 3506 est,
196 3439 294 3498 totius
315 3438 435 3517 imperii
451 3439 644 3514 omniumque
665 3438 885 3515 provinciarum
902 3436 1005 3498 divisio
1021 3435 1115 3500 aliena
1132 3442 1177 3497 est
1198 3435 1235 3498 ab

21 3523 23 3640 ἑ
117 3535 202 3601 buius
224 3539 297 3601 libri
318 3536 451 3600 consilio.

179 3776 223 3840 42)
242 3775 315 3840 App.
334 3776 422 3842 epigr.
440 3776 500 3827 431.

179 3859 223 3924 43)
242 3860 315 3926 App.
336 3861 423 3926 epigr.
443 3874 469 3907 n.
489 3861 546 3910 319.

21 3989 22 4000 t
171 3941 224 4014 ,44)
243 3945 318 3996 vict.
342 3946 409 4008 epit.
436 3959 459 3993 c.
485 3945 526 3995 38.
556 3942 617 4007 Bip.
642 3943 757 4008 Eutrop.
779 3947 810 4007 9,
831 3946 871 3996 12.
912 3944 976 3995 Alie
999 3945 1075 4010 origo
1098 3942 1164 3994 Cari
1186 3948 1235 3994 aut

21 4043 23 4084 r
115 4025 237 4080 Romane.
257 4033 307 4080 aut
324 4027 440 4094 Illyrica
459 4032 507 4078 aut
523 4026 741 4079 Mediolanensis
758 4028 899 4078 iudicatur
916 4043 933 4078 a
950 4028 1031 4080 Flov.
1047 4028 1168 4094 Vopiseo
1185 4028 1234 4082 vit.

116 4109 174 4168 (lar.
192 4116 217 4166 4.
