3148 5160
327 445 388 504 174
713 439 795 498 ntes
818 441 848 496 ll.
892 439 999 504 CAPV‘l
1022 439 1052 496 ll.

327 614 506 676 versaretur,
531 613 564 666 nt
586 606 721 686 publicae
743 607 923 666 inservirent
944 606 1206 674 administrationi,
1230 603 1368 666 babendo
1391 604 1442 664 de·.

325 706 423 776 leotui,
451 708 603 786 exigendis
625 708 745 768 tributis
768 715 840 776 etc.;
870 725 903 768 ea
926 716 1023 770 autem
1046 706 1221 774 iurisdictio,
1244 725 1320 785 quae
1342 725 1404 766 non
1426 725 1442 765 a

325 817 408 872 certo
431 828 555 872 munere
577 808 726 889 pendebat
748 816 778 868 et
799 810 941 870 maiorem
966 807 1154 886 municipalis
1169 809 1360 885 magistratus
1373 826 1441 886 par·

326 919 385 972 tem
403 912 562 980 efficiebat,
586 911 616 970 in
633 913 717 990 pagis
732 928 851 990 qunque
873 928 933 970 uon
958 917 1022 970 erat
1038 911 1096 970 nisi
1112 928 1207 989 penes
1225 911 1357 969 universi
1377 927 1441 972 mo-

325 1014 425 1092 nicipii
446 1014 650 1091 magistratum
673 1015 733 1074 sive
753 1030 847 1092 penes
863 1013 1063 1091 praelectum,
1088 1029 1177 1089 quem
1199 1014 1226 1070 is
1246 1013 1441 1090 imposuerat.

325 1115 436 1176 Senatu
465 1115 594 1191 denique
627 1116 688 1176 sive
723 1114 827 1174 ordine
855 1113 1051 1176 decurionum
1079 1115 1146 1193 pagi
1174 1115 1289 1190 vicique
1316 1131 1441 1191 prorsus

324 1216 475 1286 carebant,
500 1235 585 1287 nam,
609 1218 712 1293 quiin
735 1215 821 1276 titulo
844 1215 1010 1276 Genavensi
1032 1215 1184 1276 decretum
1207 1216 1314 1275 iecisse
1337 1215 1440 1276 dicun·

324 1327 372 1377 tur
395 1317 572 1379 decuriones
596 1318 674 1399 (app.
695 1337 723 1378 n.
742 1315 824 1396 588),
849 1297 1030 1378 Viennenses
1053 1325 1136 1386 sunt,
1160 1336 1220 1378 non
1242 1317 1440 1384 Genavenses,

323 1418 450 1498 ideoque
477 1438 545 1480 cnm
573 1421 603 1479 in
633 1419 690 1480 boc
716 1427 780 1481 inm
807 1420 837 1478 in
866 1419 990 1498 reliquis
1017 1419 1161 1480 institutis
1189 1417 1260 1478 nihil
1289 1418 1371 1478 aliud
1398 1425 1442 1478 est

323 1522 404 1582 vicus
428 1537 513 1598 quam
537 1539 607 1600 pars
637 1522 778 1581 territorii
808 1522 938 1582 maioris.
984 1522 1006 1582 A
1035 1521 1151 1580 civitate
1179 1528 1277 1580 autem
1300 1522 1349 1580 cui
1371 1539 1441 1580 eon·

324 1621 433 1682 tributa
457 1631 550 1691 erant,
576 1640 609 1683 ea
631 1621 695 1682 loca
711 1623 874 1700 ,aliquoties
896 1623 935 1682 ita
951 1620 1128 1700 pendebant,
1153 1630 1185 1681 nt
1207 1629 1322 1683 certum
1344 1621 1440 1683 tribn-

324 1731 386 1784 tum
410 1724 516 1784 annale
540 1725 567 1783 ei
596 1731 782 1802 praestarent
810 1726 872 1784 sire
899 1730 1016 1803 partem
1044 1723 1159 1784 reditus
1187 1723 1243 1784 soli
1266 1725 1327 1784 sive
1348 1743 1441 1810 pecu-

322 1822 456 1903 niam.⁵¹)
501 1825 609 1886 Contra
645 1827 670 1886 si
703 1828 753 1905 qui
789 1827 885 1886 vicani
912 1826 1079 1905 pagenique
1109 1833 1193 1885 erant
1220 1824 1441 1904 locupletiores,

256 1991 261 2000 ,
322 1945 420 2005 neque
442 1927 603 2005 quidquam
630 1935 708 1996 erat,
739 1928 818 2007 qnod
847 1927 979 2004 legitime
1007 1926 1153 1996 obstaret,
1182 1927 1218 1986 iis
1245 1928 1350 2005 petitio
1379 1933 1443 1987 erat

231 2027 248 2068 ·'
322 2027 469 2090 bonorum
498 2027 737 2108 municipaliumr
768 2030 819 2106 qui
848 2047 919 2088 vero
947 2031 978 2089 in
1006 2027 1052 2088 bis
1080 2028 1204 2106 aliisque
1231 2027 1322 2088 rebus
1351 2031 1443 2089 luerit

322 2149 408 2200 usus,
433 2131 509 2191 inira
532 2132 563 2190 in
586 2130 712 2208 singulis
734 2131 780 2190 rei
801 2128 990 2209 municipalis
1012 2128 1158 2208 capitibus
1179 2128 1404 2194 illustrabimus.

290 2313 293 2318 Ι
328 2285 330 2290 ,
406 2233 494 2292 Vicos
523 2231 652 2308 denique
682 2249 846 2310 pagosque,
881 2233 906 2291 si
939 2233 991 2308 qui
1019 2232 1205 2309 frequentius
1232 2231 1442 2292 incolebantur

322 2335 383 2392 sive
406 2331 444 2392 ob
467 2351 554 2411 qnam
579 2332 664 2392 aliam
688 2351 822 2394 caussam
845 2352 861 2394 e
883 2352 918 2394 re
941 2333 1106 2402 videbatur,
1136 2351 1295 2394 nnmerum
1318 2336 1439 2394 territo·

322 2435 436 2494 riorum
459 2451 578 2512 augere,
603 2436 649 2495 ius
672 2436 798 2496 civitatis
820 2437 954 2514 potuisse
978 2434 1115 2514 adipisci,
1140 2441 1169 2495 et
1190 2452 1245 2513 per
1268 2453 1301 2494 se
1323 2435 1441 2496 intelle-

235 2551 237 2555 ·
321 2536 399 2612 gitur
428 2543 457 2595 et
488 2533 631 2614 exemplis
658 2537 802 2614 probatur
825 2537 1039 2605 Sextantionis,
1069 2537 1187 2605 Diniae,
1218 2536 1441 2614 Segusteronis,

323 2637 459 2713 Vapinci,
490 2635 527 2696 de
555 2636 662 2713 quibus
690 2639 805 2715 egimus
827 2640 858 2698 in
881 2638 1082 2717 descriptione
1106 2640 1346 2706 territoriorum;
1377 2640 1442 2717 qui-

321 2736 378 2797 bus
401 2737 456 2798 sub
479 2737 661 2798 Diocletiano
685 2746 715 2799 et
729 2739 916 2808 Maximiano,
942 2741 991 2816 qni
1012 2747 1115 2819 portas
1137 2758 1300 2819 murosque
1315 2742 1352 2800 ei
1376 2740 1442 2799 loco

321 2837 483 2907 dederunt,
518 2841 680 2900 accessisse
715 2841 831 2908 videtur
860 2831 982 2910 Cularo,
1017 2859 1091 2919 quae
1122 2847 1226 2920 postea
1253 2861 1268 2901 a
1298 2841 1442 2902 Gratiano

320 2942 501 3018 imperatore
525 2939 670 3019 appellata
693 2947 739 3000 est
761 2940 987 3021 Gratianopolis.
997 2939 1033 3021 ⁵²)

424 3153 454 3204 2.
498 3151 548 3204 De
569 3150 697 3216 populo
718 3149 984 3218 municipiorum
1005 3149 1150 3216 eiusque
1171 3151 1339 3218 partibus.

618 3309 647 3378 a)
682 3314 724 3362 De
744 3314 928 3378 municipibus
948 3317 976 3363 et
993 3289 1141 3377 incolis.'⁵³)

405 3447 463 3517 Qui
484 3448 515 3534 in
538 3463 656 3525 quoque
679 3450 788 3528 oppido
812 3456 880 3510 sunt
903 3450 1040 3511 homines
1062 3451 1192 3528 ingenui,
1217 3450 1442 3529 distinguuntur

320 3559 352 3606 nt
374 3549 452 3608 cives
475 3550 550 3618 sive,
580 3549 611 3609 id
634 3551 714 3628 quod
737 3552 855 3630 saepius
881 3558 1055 3644 usurpatur,
1084 3553 1249 3630 municipes
1272 3561 1301 3613 et
1324 3554 1442 3614 incolae

388 3767 431 3827 51)
448 3769 542 3833 Volgt,
561 3768 579 3819 l.
598 3770 616 3821 l.
634 3785 661 3834 p.
682 3771 726 3829 17,
748 3772 800 3821 III.
820 3773 836 3821 8
855 3787 913 3835 sqq.
933 3772 983 3822 cfr,
1002 3772 1020 3820 l.
1040 3773 1071 3822 18
1089 3771 1112 3832 ξ.
1132 3773 1177 3834 25,
1196 3772 1261 3837 Dig.
1281 3773 1315 3822 de
1334 3789 1441 3824 muner.

320 3849 372 3916 (50,
391 3852 431 3915 4)ss
450 3853 543 3902 laedent
556 3857 679 3918 quaedam
692 3857 807 3904 ciuitates
820 3858 1038 3920 praerogativum,
1058 3862 1086 3904 ut
1097 3857 1135 3918 bi,
1154 3845 1234 3921 quiin
1247 3859 1381 3908 territorio
1396 3875 1442 3908 ea-

319 3953 374 3986 rum
388 3940 537 4001 possident,
555 3946 649 3987 eertum
666 3943 727 4003 quid
747 3940 871 4001 frementi
888 3955 938 4004 pro
957 3955 1073 3990 mensura
1090 3941 1149 4004 apri
1162 3957 1212 4004 per
1228 3945 1343 4005 singulos
1360 3958 1442 3993 anuos

318 4021 470 4084 praebeant.

388 4104 433 4169 52)
452 4106 577 4170 Append.
597 4108 684 4171 epigr.
702 4123 728 4159 n.
747 4109 806 4157 542.
842 4108 874 4156 In
897 4109 997 4158 notitia
1014 4109 1218 4173 provinciarum
1238 4109 1351 4161 Galliae
1372 4112 1443 4162 civi·

320 4195 364 4238 tas
383 4195 426 4240 cat
444 4189 714 4254 Gratianopolitana.

388 4275 431 4335 53)
450 4275 528 4335 Quae
548 4279 705 4338 sequuntur,
725 4277 871 4326 maximam
890 4281 997 4342 partem
1017 4279 1184 4328 conveniunt
1202 4295 1264 4328 cum
1276 4281 1444 4333 discrimine

321 4358 435 4422 originis
454 4363 482 4408 et
499 4358 640 4417 domicilii,
661 4361 737 4409 cuius
756 4361 919 4426 doctrinam,
939 4362 1030 4426 qualis
1049 4379 1083 4419 ax
1100 4364 1168 4412 iuris
1183 4363 1302 4413 Romani
1315 4367 1445 4419 fontibus
