3184 5162
559 473 644 532 PARS
663 473 685 530 l.
729 473 836 531 CAPVT
858 475 876 532 l.
1198 481 1200 487 “
1227 477 1278 539 63

151 641 251 718 gravit
286 638 513 700 memorabilem
549 639 629 700 illem
665 657 817 722 pugnem,
855 659 913 719 qua
948 659 1004 721 per
1033 659 1125 703 unam
1156 641 1272 704 cladem

151 742 186 802 ad
220 743 460 816 internecionem
492 741 610 819 redegit
642 749 763 820 gentem
800 757 969 820 nomenque
1006 742 1220 806 Teutonorum.
1235 741 1270 822 ⁶²)

151 843 237 915 Quod
259 843 384 904 alterius
405 843 509 922 populi
530 842 650 904 barbari
671 845 765 905 letum
788 862 864 922 quae
886 851 989 906 secuta
1011 846 1051 923 sit
1070 852 1172 906 contra
1192 846 1271 906 Cim-

150 945 222 1006 bros
244 945 282 1006 ab
306 945 400 1006 nitere
427 944 545 1024 Alpium
566 952 652 1024 parte
674 964 787 1025 pugna,
817 947 846 1007 id
874 949 1017 1026 persequi
1046 953 1183 1008 nostrum
1212 965 1271 1007 non

152 1056 204 1121 est,
228 1065 297 1108 cum
319 1046 356 1107 de
379 1046 572 1126 Transalpina
591 1049 746 1126 ‚provincie
768 1050 827 1109 iam
855 1067 916 1109 non
938 1049 1063 1128 emplius
1085 1048 1145 1109 illic
1168 1066 1270 1126 agere·

152 1145 256 1228 lunii)
301 1150 398 1226 Atque
435 1151 460 1210 si
489 1167 577 1228 quam
605 1149 798 1210 excutiendae
826 1150 1029 1211 Romanorum
1063 1150 1271 1227 dominationis

150 1269 235 1330 spem
263 1251 405 1312 victoriae
434 1251 620 1314 Cimbrorum
649 1251 769 1312 Gallicis
803 1251 941 1330 gentibus
969 1251 1175 1322 ostenderent,
1204 1258 1272 1332 post

150 1352 235 1413 Marii
257 1354 410 1414 victoriam
432 1355 472 1414 ite
495 1372 560 1416 eam
584 1354 720 1415 videntur
736 1353 889 1423 abiecisse,
913 1359 947 1414 ut
967 1355 1111 1434 proximis
1127 1356 1210 1416 aunis
1232 1373 1271 1414 ne

219 1622 268 1688 62)
295 1623 350 1686 Qui
367 1623 451 1676 fluvio
470 1624 523 1674 Arc
542 1625 667 1676 imminet
690 1625 770 1676 collis
794 1624 934 1690 Montapne
953 1627 984 1676 de
1003 1625 1058 1676 Sta.
1081 1626 1208 1688 Vascone,
1237 1623 1272 1674 ad

151 1709 212 1759 eius
230 1709 341 1759 radices
359 1725 481 1776 pugnam
504 1709 627 1760 aMario
652 1711 825 1760 commissam
848 1725 909 1761 esse
932 1710 1041 1770 volunt,
1066 1711 1115 1774 qui
1131 1711 1210 1760 huius
1228 1726 1271 1760 re-

151 1793 245 1858 gionis
263 1795 345 1858 gnari
362 1794 453 1844 locum
471 1793 572 1860 proelii
590 1796 801 1858 quaesiverunt3
821 1795 887 1858 quin
906 1803 984 1859 sunt,
1009 1795 1057 1859 qui
1078 1796 1167 1860 ipsum
1191 1795 1271 1845 collis
1325 1860 1331 1877 Ι

150 1891 251 1927 nomen
270 1877 305 1928 ad
322 1879 471 1930 victoriam
490 1895 507 1928 a
524 1879 614 1928 Mario
632 1883 802 1944 reportatam
821 1879 945 1929 referant
962 1895 1015 1929 nee
1033 1881 1087 1928 nisi
1100 1879 1189 1930 medio
1202 1895 1270 1929 aevo

150 1965 273 2012 montem
291 1964 427 2016 victoriae
447 1965 575 2015 evenisse
587 1962 682 2014 dicant
700 1967 820 2014 montem
832 1967 945 2014 sanctae
959 1962 1109 2015 Victoriae.
1128 1989 1159 1999 —
1177 1967 1270 2029 Ipsam

149 2061 273 2112 pugnam
285 2045 444 2100 describunt
461 2049 520 2099 sive
539 2035 753 2098 commemorant
774 2048 848 2100 Plut.
861 2049 932 2098 Mar.
946 2050 977 2098 18
991 2063 1050 2112 sqq.
1073 2049 1133 2099 Liv.
1148 2048 1216 2112 epit.
1228 2049 1268 2097 68.

148 2131 225 2182 Vell.
245 2134 270 2196 2,
290 2134 331 2183 12.
360 2133 459 2183 Florus
477 2135 500 2193 3,
519 2136 544 2184 3.
574 2133 654 2184 Oros.
673 2138 696 2196 5,
718 2135 749 2184 16
769 2137 821 2184 ete.

221 2215 266 2282 63)
284 2216 340 2266 Hic
358 2221 414 2278 est,
433 2217 507 2282 quod
524 2217 559 2267 de
576 2217 608 2268 A.
622 2220 667 2271 W.
685 2219 805 2283 Zumptii
822 2217 951 2282 opinione
970 2217 1102 2283 dicamus,
1123 2219 1170 2282 qui
1182 2234 1198 2267 a
1209 2212 1271 2268 M'a·

148 2303 192 2352 rio
220 2300 328 2352 demum
354 2301 432 2352 finito
458 2301 533 2353 bello
561 2301 699 2354 Cimbrico
726 2304 785 2354 sive
812 2318 884 2353 anno
908 2318 933 2354 a.
959 2301 1008 2352 Ch.
1026 2305 1081 2354 '100
1102 2303 1270 2368 provinciam

147 2385 367 2450 Transalpinam
388 2386 547 2437 institutam
570 2403 631 2438 esse
655 2393 765 2452 censet,
793 2404 852 2438 eum
880 2391 964 2438 antea
992 2392 1020 2437 et
1042 2388 1112 2439 haee
1139 2390 1216 2454 regio
1244 2393 1271 2438 et

147 2469 356 2534 Transpadana
376 2471 470 2522 Gallia
487 2486 536 2536 pro
554 2473 682 2536 partibus
700 2473 803 2524 Italiae
827 2475 942 2524 annexis
961 2473 1065 2522 fuerint
1083 2471 1200 2537 (Studia
1218 2469 1270 2522 Rc-

147 2571 236 2607 mana
255 2571 282 2620 p.
302 2557 334 2605 15
352 2555 434 2621 sqq).
470 2557 508 2606 Et
526 2555 597 2621 quod
616 2556 651 2607 ad
669 2557 877 2609 Narbonensem
897 2557 1006 2622 quidem
1019 2557 1141 2608 Galliam
1160 2558 1269 2619 attinet,

148 2643 317 2706 argumenta
340 2641 461 2706 Zumptii
482 2641 554 2691 haec
581 2642 641 2693 fere
670 2647 748 2692 sunt:
775 2643 890 2708 primum
918 2659 990 2692 anno
1015 2645 1063 2692 124
1085 2642 1153 2691 dicit
1176 2639 1270 2705 (Stud.

147 2726 230 2776 Rom.
252 2739 279 2789 p.
303 2723 351 2789 16)
374 2725 509 2790 Eutropio
533 2730 646 2776 auctore
671 2726 738 2778 duos
761 2728 889 2778 consules
912 2731 990 2777 trans
1012 2727 1097 2791 Alpes
1122 2742 1270 2792 pugnasse,

147 2825 237 2860 unam
256 2812 348 2859 autem
365 2802 479 2860 Italiam
497 2809 526 2859 id
543 2811 610 2861 iuris
628 2811 772 2872 habuisse,
797 2816 828 2861 ut
851 2827 867 2861 a
889 2811 1015 2876 pluribus
1035 2812 1128 2862 eodem
1147 2815 1270 2875 tempore

148 2895 368 2959 imperatoribus
386 2894 595 2959 defenderetur,
619 2912 684 2963 ergo
703 2896 825 2946 Galliam
847 2897 1062 2960 Transalpinam
1084 2900 1191 2960 partem
1214 2901 1288 2944 tum¹

148 2979 240 3030 fuisse
258 2978 370 3033 Italiae.
404 2979 441 3029 At
458 2980 622 3046 Eutropium
641 2980 809 3033 confundere
829 2979 878 3034 Gn.
896 2980 1013 3030 Domitii
1030 2980 1207 3031 Ahenobarbi
1223 2995 1270 3030 no·

148 3079 216 3115 meu
235 3079 297 3114 eum
316 3061 345 3114 G.
365 3062 461 3116 Sextio
481 3063 598 3118 Calvino
616 3082 701 3132 supra
724 3064 866 3116 docuimus
888 3064 955 3130 (not.
974 3063 1031 3128 21),
1054 3064 1170 3128 ideoque
1193 3063 1270 3114 locus

148 3150 203 3200 ille
220 3149 291 3198 nihil
309 3148 492 3212 demonstrem
511 3155 658 3216 prae-terea
676 3150 777 3216 reliqui
794 3165 887 3200 omnes
906 3150 1055 3214 scriptores
1069 3149 1192 3199 Sextium
1209 3153 1271 3198 tan·

148 3238 211 3284 tum
236 3234 265 3282 in
289 3233 383 3284 Gallia
407 3250 440 3285 eo
463 3249 535 3286 anno
558 3240 727 3302 pugnantem
749 3235 867 3286 faciunt.
908 3234 986 3296 Quod
1009 3237 1102 3284 autem
1125 3248 1211 3298 usque
1236 3233 1270 3283 ad

124 3365 127 3371 .
148 3319 272 3370 Marium
290 3318 449 3384 ubicunque
470 3321 583 3386 gravius
607 3321 768 3370 imminebat
791 3320 956 3384 periculum,
980 3320 1034 3384 ipsi
1058 3318 1185 3370 consules
1210 3335 1270 3369 curn

148 3405 269 3468 imperio
287 3404 317 3454 in
329 3403 425 3454 Gallia
438 3409 526 3464 eraut,
545 3419 720 3470 nequaquam
733 3405 832 3472 probat
844 3405 1016 3472 provinciam
1029 3419 1090 3454 eam
1108 3419 1162 3453 non
1174 3404 1269 3463 irrisae,

149 3481 243 3554 neque
262 3491 336 3541 enim
354 3489 524 3540 abhorrebat
540 3489 568 3539 id
587 3505 604 3540 a
621 3490 794 3557 reipublicae
812 3490 953 3540 Romanae
978 3504 1049 3554 quae
1071 3493 1128 3540 tum
1152 3494 1213 3540 erat
1231 3489 1270 3538 le-

149 3576 244 3642 gibus,
261 3578 294 3626 ut
310 3575 339 3624 in
356 3574 507 3640 provinciis
526 3589 614 3638 aeque
633 3579 716 3642 atque
734 3576 763 3624 in
780 3574 864 3626 Italia
887 3573 1014 3626 eonsules
1033 3577 1126 3624 essent
1145 3589 1204 3623 cum
1224 3589 1270 3623 ex·

150 3663 252 3714 ercitu.
287 3659 396 3710 Deinde
415 3658 487 3723 quod
504 3660 603 3724 Zumpt
620 3676 646 3725 p.
665 3663 698 3711 23
717 3674 759 3724 sq.
782 3660 983 3724 multiplicatos
1006 3661 1089 3710 toties
1107 3659 1190 3708 Marii
1208 3673 1272 3709 con-

149 3744 262 3797 sulatus
283 3743 413 3810 intellegi
434 3759 516 3810 posse
538 3748 643 3810 negat,
665 3745 719 3794 nisi
746 3760 808 3795 cum
829 3746 915 3796 Italia
939 3745 1115 3795 coniunctam
1136 3743 1271 3809 fingamus

150 3829 278 3882 Galliam
300 3829 528 3894 Transalpinam,
558 3829 683 3895 quodque
706 3831 779 3880 sexti
800 3830 934 3895 imprimis
959 3829 1120 3881 consulatus
1144 3844 1271 3879 caussam

151 3931 216 3967 eam
235 3915 324 3966 fuisse
341 3914 414 3975 vult,
437 3917 468 3964 ut
492 3913 615 3966 Galliam
638 3917 668 3964 in
684 3915 845 3980 provinciae
868 3916 983 3966 formam
1001 3914 1140 3979 redigeret
1157 3914 1270 3971 Marius,

127 4026 129 4029 ·
149 4001 224 4051 haee
235 4001 272 4051 iis
285 4002 393 4050 tantum
410 3999 599 4064 persuadebit,
619 4001 676 4064 qui,
695 4015 765 4065 qnae
777 4001 903 4064 proxima
915 4002 980 4050 sunt
992 4013 1081 4062 eaque
1094 3997 1269 4062 simpliciora,

150 4089 341 4151 aspernantes
357 4085 542 4136 remotissima
560 4099 686 4151 quaeque
704 4088 854 4136 sectantur.
885 4084 1019 4135 Senatum
1031 4099 1097 4134 vero
1108 4083 1271 4146 Romanurn,

149 4169 200 4224 vel
218 4169 311 4236 qualis
329 4175 387 4220 tum
406 4174 477 4232 erat,
502 4187 534 4223 eo
552 4171 722 4236 processisse
740 4170 950 4236 neglegentiae,
974 4173 1005 4218 nt
1026 4183 1076 4233 per
1092 4167 1194 4232 viginti
1211 4166 1270 4216 lere

151 4270 243 4306 annos
263 4259 291 4306 et
310 4255 448 4306 coloniam
466 4257 623 4308 Narbonem
640 4259 670 4306 et
686 4256 741 4306 iter
760 4271 793 4306 ex
810 4254 894 4304 Italia
912 4254 941 4302 in
953 4253 1118 4318 Hispaniam
1137 4267 1169 4302 eo
1187 4249 1271 4302 desti·

149 4343 245 4390 tuerat
267 4339 387 4404 auxilio,
412 4342 483 4407 quod
505 4343 534 4392 in
556 4340 714 4407 provinciae
737 4340 825 4404 forma
846 4338 967 4404 positum
992 4340 1066 4402 erat,
1094 4335 1169 4390 nullo
1187 4335 1270 4388 modo

149 4428 247 4491 potest
265 4424 386 4476 admitti.
