3148 5160
324 475 384 538 192
706 467 791 526 PARS
812 469 843 524 11.
888 464 995 524 GAPVl'
1017 467 1048 522 11.

322 645 449 714 utraque
471 636 611 714 dignitate
633 638 684 713 qni
707 634 880 703 utebantur,
905 633 982 695 ultra
1003 632 1212 712 municipalem
1235 632 1446 693 condicionem

323 746 407 801 erant
430 738 507 799 elati.
552 739 614 799 lam
636 755 707 798 vero
731 737 783 814 qui
805 734 978 815 simpliciter
1001 735 1141 795 dicuntur
1164 752 1232 796 esse
1263 752 1279 794 e
1309 735 1445 811 quinque

322 841 465 909 decuriis,
489 838 667 920 plerumque
689 837 809 915 quidem
833 837 974 899 censendi
996 843 1067 898 sunt
1087 837 1181 898 fuisse
1197 856 1232 898 ex
1247 838 1311 916 ipsa
1328 837 1443 912 quinta,

323 945 433 1021 quippe
456 960 524 1003 cum
545 943 580 1010 ii,
606 943 657 1018 qui
680 941 844 1020 superioris
866 940 1006 1000 decuriae
1030 945 1127 1008 erant,
1157 937 1314 1015 diligenter
1336 945 1444 998 notare

322 1044 455 1105 solerent
477 1043 615 1104 decuriae
638 1037 858 1117 numerumffl),
883 1043 959 1101 atsi
982 1043 1034 1121 qui
1055 1041 1243 1120 profitentur,
1267 1058 1300 1100 se
1323 1047 1353 1099 et
1375 1055 1443 1098 esse

322 1165 358 1206 ex
374 1149 503 1225 quinque
519 1144 648 1205 decuriis
663 1151 693 1204 et
708 1160 817 1220 equum
832 1142 985 1222 publicum
1001 1142 1111 1204 hahere
1124 1141 1201 1222 (app.
1216 1161 1266 1202 nn.
1282 1143 1353 1206 106.
1370 1139 1442 1216 101)

321 1255 445 1329 apparet
465 1266 526 1308 non
548 1249 682 1326 quintae,
706 1245 759 1306 sed
780 1246 913 1322 equestri
935 1244 1074 1305 decuriae
1096 1263 1149 1305 eos
1171 1261 1236 1304 esse
1256 1242 1441 1320 adscriptos;

322 1357 425 1410 contra
447 1347 650 1410 Arelatensem
673 1346 832 1416 Racilium,
865 1347 916 1426 qui
943 1365 1003 1408 non
1035 1347 1113 1407 ultra
1140 1344 1319 1406 aedilitatem
1344 1337 1443 1404 'elatus

322 1458 368 1512 est
391 1449 429 1524 (n.
454 1452 527 1526 330)
550 1457 579 1509 01
600 1452 762 1529 Aptensem
786 1448 825 1526 (0.
843 1448 914 1526 423)
934 1448 965 1508 C.
982 1447 1107 1516 Allium,
1132 1447 1368 1526 quattuorvirum
1392 1463 1442 1504 oo-

321 1550 417 1612 100100
441 1533 578 1619 miinoris,
603 1552 654 1627 qui
675 1552 747 1611 item
769 1550 909 1610 dicuntur
937 1567 973 1608 ex
995 1550 1018 1609 V
1041 1549 1184 1617 decuriis,
1216 1548 1335 1625 quintae
1357 1547 1442 1607 attri-

322 1653 448 1715 buamus
471 1653 624 1721 decuriae,
649 1653 733 1712 cuius
756 1669 865 1712 census
888 1657 951 1711 erat
972 1650 1049 1710 infra
1072 1649 1199 1710 ducenta
1227 1648 1306 1709 milia
1330 1656 1441 1708 sester-

321 1756 441 1816 tiorum.
487 1753 519 1814 Si
541 1755 591 1831 qui
613 1771 684 1814 vero
706 1752 743 1814 ab
765 1754 946 1832 imperatore
969 1769 1046 1828 equo
1061 1751 1181 1831 pubbco
1197 1750 1399 1819 honorantur,
1419 1751 1444 1808 ii

321 1856 498 1937 plerumque
524 1855 637 1916 militiis
666 1857 832 1931 funguntur
866 1854 1069 1931 equestribus,
1099 1854 1287 1932 praefectura
1321 1850 1442 1911 fabrum

322 1957 452 2038 (0508),
468 1959 656 2036 praefectura
672 1958 803 2017 cohortis
816 1955 855 2034 (n.
865 1958 945 2031 107),
964 1955 1117 2017 tribunatu
1133 1953 1264 2014 oolrortis
1281 1951 1375 2032 (592),
1389 1954 1444 2012 tri-

321 2060 434 2122 bunatu
449 2059 575 2137 legionis
592 2058 684 2141 (106),
701 2054 1030 2138 praefectura·alae⁹³);
1048 2072 1145 2133 neque
1160 2074 1231 2116 vero
1247 2055 1367 2123 desunt,
1391 2055 1444 2130 qui

323 2179 399 2238 equo
422 2160 543 2241 publico
566 2161 705 2222 honorati
720 2177 781 2220 non
796 2161 854 2220 nisi
876 2156 1069 2237 municipales
1092 2155 1222 2218 lionores
1243 2157 1445 2235 profiteantur

323 2270 352 2322 et
373 2264 449 2324 meri
471 2262 595 2324 honoris
616 2265 711 2324 instar
733 2277 843 2338 equum
866 2260 1017 2340 publicum
1039 2258 1195 2319 videantur
1216 2257 1357 2318 habuisse
1380 2256 1443 2335 (nn.

322 2369 393 2430 108.
418 2369 489 2429 112.
514 2370 584 2430 124.
609 2365 695 2444 013),
719 2365 791 2440 quin
815 2364 903 2424 ctiam
924 2364 964 2423 ita
986 2361 1163 2422 honoratum
1191 2360 1326 2420 videmus
1348 2357 1444 2418 filium
1532 2391 1537 2401 ·

323 2467 532 2542 quattuorviri,
555 2467 692 2525 iuvenem
714 2465 767 2524 XX
791 2482 948 2534 annorum,
978 2463 1060 2524 nullo
1086 2479 1211 2522 munere
1239 2462 1375 2521 functum
1399 2462 1442 2534 (n.

323 2567 404 2645 294).
451 2565 527 2626 Sunt
559 2573 657 2626 autem
686 2566 764 2626 inter
787 2568 865 2626 viros
892 2565 995 2626 militia
1025 2562 1157 2643 equestri
1184 2563 1304 2622 functos
1333 2567 1362 2620 et
1390 2563 1444 2640 qui

321 2665 516 2746 municipales
547 2668 736 2743 magistratus
763 2669 821 2726 iam
849 2669 999 2744 gesserint
1028 2667 1070 2745 (0.
1095 2660 1217 2740 50999)
1247 2670 1278 2723 et
1300 2665 1351 2740 qui
1373 2669 1444 2741 post

322 2770 426 2831 merita
450 2769 596 2846 stipendia
618 2775 723 2845 gerant
746 2769 790 2850 (n.
816 2774 886 2836 508.
912 2768 1003 2847 raah
1034 2770 1138 2846 ntique
1159 2768 1239 2826 inter
1261 2782 1366 2826 omnes
1388 2763 1443 2823 de-

322 2873 461 2932 curiones
485 2878 514 2931 01
535 2871 741 2946 magistratuS,
772 2871 822 2946 qui
845 2888 904 2929 non
927 2869 962 2930 ad
992 2869 1124 2930 urbanos
1151 2867 1282 2928 honores
1308 2867 1444 2946 promoti

323 2981 422 3044 erant,
445 2975 466 3032 ii
489 2974 540 3050 qui
563 2989 672 3048 equum
694 2970 847 3049 publicum
869 2969 1032 3040 habebant,
1056 2971 1186 3049 primum
1202 2969 1376 3029 obtinebant
1397 2967 1442 3027 10-

322 3093 398 3136 cum.
435 3075 609 3136 Communia
631 3080 730 3134 autem
754 3075 885 3134 omnium
908 3071 1106 3132 decurionalis
1134 3071 1247 3131 ordinis
1269 3069 1445 3131 hominibus

322 3183 496 3237 ornamenta
525 3176 562 3236 ad
591 3173 760 3254 exemplum
789 3182 908 3236 senatus
930 3172 1057 3235 Romani
1080 3192 1221 3234 concessa
1249 3179 1336 3235 erant
1355 3171 1444 3231 locus

321 3280 353 3338 in
377 3279 493 3338 theatro
516 3285 546 3337 et
570 3277 665 3356 epulis
687 3277 814 3356 publicis
836 3272 1060 3355 honorificus⁹⁵l
1086 3281 1115 3336 et
1137 3275 1216 3337 haud
1238 3275 1329 3336 dubie
1351 3275 1445 3334 vestis

391 3482 434 3544 92)
454 3480 509 3532 Ofr.
530 3481 707 3532 Or.·Henaen
725 3483 801 3532 2357.
819 3483 894 3532 6469.
914 3481 990 3534 6956.

391 3566 434 3628 93)
452 3565 521 3617 Alae
539 3567 679 3632 praefecti
697 3567 775 3616 deest
794 3565 945 3632 exemplum
963 3567 992 3615 in
1011 3567 1114 3616 nostris
1132 3566 1369 3632 inscriptionibus.
1388 3564 1446 3616 Ce-

322 3655 411 3701 terum
429 3656 607 3702 numerantur
624 3651 732 3715 quidem
746 3651 906 3716 plerumque
925 3655 1055 3714 quattuor
1072 3650 1189 3701 militiae
1208 3663 1349 3717 equestres
1367 3649 1447 3714 (Or.-

257 3793 259 3798 .
320 3736 438 3806 *Henzen
456 3738 530 3787 3118.
550 3739 624 3788 0821.
645 3737 741 3787 ttanb.
766 3737 816 3787 cfr.
839 3737 871 3787 L.
891 3737 1005 3799 Renier,
1029 3735 1174 3802 Melanges
1200 3735 1287 3802 e'pigr.
1310 3753 1336 3802 p.
1355 3738 1447 3785 203-

322 3818 399 3886 244),
423 3822 599 3885 praefectura
623 3821 755 3882 cohortis,
784 3822 940 3872 tribunatus
967 3822 1101 3884 cohortis,
1130 3821 1288 3871 tribunatus
1310 3820 1447 3886 legionis,

322 3907 500 3972 praefectura
520 3907 596 3968 alae,
616 3907 686 3972 quod
704 3906 775 3956 haec
793 3923 907 3958 munera
925 3907 1084 3972 plerumque
1104 3907 1234 3957 continua
1253 3906 1447 3972 gerebantur3

323 3991 544 4043 adnumerandus
565 3996 657 4042 autem
676 4007 736 4042 esse
754 3993 947 4057 praefecturas
966 3996 1119 4048 castrorum
1138 3995 1165 4040 et
1183 3991 1291 4041 fabrum
1309 3989 1383 4040 vides
1407 4006 1449 4040 ex

321 4082 417 4128 nostra
429 4094 456 4129 n.
469 4078 531 4139 62ος
551 4081 581 4126 at
600 4093 659 4126 cum
677 4093 732 4127 uon
744 4078 917 4128 necessarius
937 4077 971 4126 ad
985 4077 1098 4127 altiores
1111 4077 1213 4142 gradus
1225 4091 1274 4142 per
1288 4089 1333 4124 eas
1345 4077 1449 4125 trans-

322 4161 377 4213 itus
397 4167 483 4241 0οἱ000,
502 4162 531 4210 10
550 4161 599 4212 1110
617 4176 728 4213 numero
747 4166 875 4232 poterant
893 4163 992 4212 omitti.

390 4247 434 4312 94)
457 4247 490 4297 In
514 4263 576 4312 app.
600 4263 626 4296 n.
651 4249 699 4298 509
724 4249 786 4313 equi
809 4246 915 4313 publici
937 4247 1024 4297 honor
1045 4261 1099 4296 non
1123 4248 1359 4306 commemoratur,
1388 4247 1451 4296 sed

323 4330 357 4380 ob
375 4332 489 4381 meritus
506 4332 622 4382 militias
642 4336 783 4397 equestres
801 4348 850 4397 per
868 4347 898 4382 se
916 4332 1100 4398 intellegitur.
1126 4349 1127 4352 ¹

390 4414 434 4478 95)
453 4415 594 4467 Eiusmodi
611 4416 733 4468 locortrm
752 4417 879 4482 exempla
897 4417 926 4466 in
943 4417 1104 4482 provinciae
1116 4415 1303 4468 Narbonensis
1315 4413 1451 4471 theatris
