3154 5162
491 465 576 523 PARS
598 466 630 524 ll.
674 465 781 524 CAPVT
803 467 822 524 l.
1150 469 1210 533 125

23 621 25 716 J
109 637 159 692 tem
186 651 239 712 pro
265 631 373 694 finibus
396 631 524 692 habehat
552 651 648 702 mare,
679 652 694 693 a
726 635 929 712 septentrione
957 635 1065 712 partim
1093 644 1210 697 montes

109 730 288 804 Cebennicos‚
315 735 425 814 partim
447 733 569 795 fluvium
590 733 742 805 Arde'clre,
771 737 823 814 qui
850 734 938 796 hodie
967 753 1086 813 quoque
1108 736 1211 797 dividit

108 837 238 913 regiones,
258 853 337 913 quae
360 836 500 898 dicuntur
522 835 742 912 departements
762 839 803 897 du
824 839 910 898 Garat
931 843 961 898 et
982 841 1020 898 de
1038 835 1207 902 t'Arddcbe.

108 935 231 997 Attribuit
257 944 357 999 autem
382 937 496 999 Plinius
519 937 776 1001 Nemausensibus
804 941 905 1018 viginti
933 946 1073 1017 quattuor
1102 941 1210 1020 oppida

107 1036 239 1114 ignobilia,
263 1056 389 1117 quorum
405 1042 575 1111 nominum,
600 1059 669 1102 eum
687 1043 752 1121 ipse
767 1040 880 1102 Plinius
896 1059 955 1101 non
970 1041 1095 1112 indicet,
1115 1045 1208 1104 maio·
1260 1041 1262 1046 ’

107 1157 160 1199 rem
186 1150 298 1222 partem
327 1160 362 1202 ex
391 1140 456 1203 aliis
484 1142 617 1204 lontibus
647 1143 790 1205 debemus
819 1142 968 1220 colligere.
1014 1144 1051 1204 Et
1077 1145 1208 1222 primum

106 1241 227 1316 quidem,
258 1249 291 1303 ut
313 1262 329 1304 a
351 1243 495 1305 Rhodano
517 1245 708 1323 incipiamus,
733 1245 880 1307 Nemauso
903 1243 1091 1307 attribuimus
1114 1247 1207 1324 Uger-

23 1333 25 1342 ’
106 1359 166 1402 num
188 1343 392 1426 (Beaucar‘re),
423 1345 503 1425 quod
532 1347 621 1406 situm
643 1364 739 1426 prope
762 1346 897 1408 dextram
918 1345 1055 1408 Rhodani
1076 1367 1136 1409 non
1159 1367 1206 1409 so·

23 1503 25 1512 ,
105 1439 157 1502 lum
182 1444 272 1506 habes
301 1448 331 1507 in
359 1446 458 1508 tabula
486 1447 729 1526 peutingeriana,
760 1449 811 1509 sed
842 1450 930 1510 etiam
956 1449 987 1509 in
1014 1450 1208 1528 inscriptione

23 1539 24 1544 ’
105 1552 191 1606 nostra
212 1566 241 1608 n.
265 1553 336 1618 248,
361 1568 435 1628 quae
459 1568 527 1610 cum
549 1549 688 1612 undecim
711 1551 791 1610 vicos
806 1550 1022 1611 Nemausenses
1043 1559 1207 1622 recenseat,

23 1647 25 1718 j
104 1650 191 1724 magni
212 1650 247 1710 ad
271 1648 348 1711 hanc
380 1652 582 1728 quaestionem
612 1654 755 1714 momenti
784 1659 843 1721 est;
872 1652 941 1713 inde
969 1654 995 1713 si
1023 1653 1207 1714 occidentem

23 1771 25 1778 .
104 1763 194 1812 versus
215 1771 231 1813 a
253 1751 403 1813 Nemauso
426 1753 574 1832 procedis,
598 1753 690 1815 habes
713 1756 744 1814 in
768 1753 870 1814 eadem
893 1755 1086 1833 inscriptione
1108 1755 1208 1816 locum

103 1850 167 1911 situs
187 1855 260 1913 certi
283 1854 445 1916 Andusiam
469 1852 641 1936 (Aeduae),
673 1857 760 1917 sitam
787 1874 881 1935 prope
904 1857 1091 1934 superiorem
1114 1856 1206 1916 Arau·
1286 1925 1293 1937 ,

102 1968 170 2023 rem,
198 1974 296 2035 neque
325 1958 423 2017 minus
451 1962 566 2017 certum
600 1965 659 2027 est,
694 1974 799 2034 agrum
828 1957 1059 2018 Nemausensem
1086 1956 1123 2017 ab
1152 1954 1208 2017 hae

102 2063 175 2130 parte
201 2059 334 2136 patuisse
362 2075 458 2136 usque
481 2058 518 2118 ad
540 2058 637 2119 locum
665 2057 843 2118 hodiernum
865 2058 1208 2118 Balarus-tes-Baa'ns

23 2171 25 2212 ε
100 2171 184 2236 prope
210 2159 354 2238 oppidum
384 2161 461 2220 Cette
483 2160 566 2242 (dep.
591 2161 628 2220 de
649 2157 829 2238 t'He'rautt)‚
859 2161 999 2240 quoniam
1026 2159 1069 2219 ibi
1096 2160 1209 2238 reperti

102 2264 160 2317 sunt
185 2261 247 2320 tubi
269 2260 403 2339 plumbei
431 2263 538 2339 signati
566 2263 686 2322 nomine
720 2260 854 2322 coloniae
883 2261 1094 2322 Nemausensis
1123 2261 1205 2343 (app.

101 2359 182 2438 epigr.
205 2381 234 2422 n.
260 2361 342 2443 265).
390 2363 461 2424 Cum
491 2380 549 2441 quo
572 2365 683 2442 optime
706 2365 856 2433 convenit,
887 2362 965 2440 quod
987 2363 1101 2425 Plinius
1131 2361 1208 2440 (hist.

24 2461 25 2464 ’
100 2469 151 2521 nat.
173 2468 200 2532 9,
224 2463 253 2543 9)
280 2463 365 2524 dicit:
390 2473 435 2526 est
451 2468 629 2542 prouinciae
649 2465 849 2526 Narbonensis
867 2468 898 2525 in
920 2467 1114 2525 Nemausensi
1132 2481 1208 2539 apra

98 2567 225 2636 stagnum
245 2567 376 2636 latera·
404 2585 472 2627 nam
495 2573 631 2645 stagnum
653 2566 776 2638 Latera,
806 2570 853 2627 cui
879 2566 1031 2628 adiacebat
1052 2565 1206 2628 castellum

23 2689 25 2742 3
99 2660 193 2727 Latera
202 2662 235 2746 13)
268 2667 406 2748 (ebdteau
433 2671 471 2728 de
493 2673 523 2728 la
546 2670 630 2729 Latte
663 2670 723 2730 sire
746 2671 799 2730 des
819 2668 948 2747 datter),
971 2686 1065 2729 unum
1088 2687 1125 2728 ex
1148 2675 1205 2728 sta·

98 2767 157 2840 gnis
177 2768 236 2830 illis
261 2776 320 2838 est,
352 2788 427 2849 quae
450 2788 467 2830 e
489 2771 594 2832 vicinia
617 2770 701 2831 urbis
723 2773 913 2847 Montpelta'er
933 2771 1086 2848 pertinent
1106 2769 1143 2830 ad
1165 2771 1207 2828 vi·

99 2884 157 2928 cum
182 2870 318 2932 Balaruc.
371 2871 453 2942 Quae
481 2890 548 2932 cum
577 2873 617 2932 ita
645 2873 719 2942 sint,
750 2866 1079 2948 Sextantionem¹⁴)
1111 2869 1207 2950 (Sub-

24 3047 25 3056 ³
96 2974 230 3052 stantion)
268 2989 386 3052 quoque
414 2974 536 3052 Augusti
564 2973 684 3050 quidem
712 2981 807 3033 aetate
834 2992 895 3033 non
928 2971 1095 3032 dubitamus
1128 2972 1207 3030 inter

23 3057 25 3090 ³
96 3069 226 3146 ignobilia
255 3076 320 3151 agri
347 3074 558 3136 Nemausensis
586 3074 694 3154 oppida
722 3074 871 3152 relegare;
907 3089 1034 3150 namque
1069 3078 1132 3132 erat
1157 3070 1207 3131 hic

95 3169 170 3235 locus
190 3177 320 3254 propior
336 3176 485 3236 Nemauso
508 3194 595 3254 quam
616 3175 723 3236 Latera
745 3178 806 3236 sive
829 3177 902 3236 situs
923 3174 1021 3255 paullo
1045 3192 1134 3252 super
1156 3192 1206 3234 ur·

23 3271 25 3352 j
96 3271 157 3335 bem
177 3277 372 3354 Mantpettr'er
394 3277 430 3338 ad
452 3279 548 3357 ripam
572 3279 720 3339 sinistram
744 3279 800 3338 rivi
813 3278 883 3346 Lez,
906 3275 958 3336 ubi
979 3276 1067 3337 hodie
1091 3294 1207 3356 quoque

94 3379 188 3439 ruinas
216 3381 333 3455 antiqui
362 3379 465 3458 oppidi
495 3381 671 3458 conspicuas
700 3397 766 3439 esse
800 3397 887 3458 supra
918 3377 960 3460 (p.
985 3376 1039 3458 35)
1070 3378 1205 3440 diximus.

23 3467 25 3492 ²
94 3478 217 3551 Accedit,
243 3480 324 3558 quod
346 3482 425 3541 inter
440 3480 527 3542 Plinii
549 3480 658 3560 oppida
675 3480 778 3546 Latina
800 3480 885 3540 deest
907 3480 1058 3541 Sextantio
1081 3481 1224 3558 ideoque¹

94 3578 179 3642 detuit
202 3584 294 3645 etiam
321 3583 350 3642 in
380 3583 600 3644 commentariis
621 3585 785 3662 Agrippae,
815 3589 917 3642 contra
945 3581 1054 3659 legitur
1075 3585 1107 3643 in
1129 3590 1206 3644 cata·

93 3678 155 3760 logo
182 3684 234 3745 illo
264 3686 397 3744 vicorum
424 3685 678 3745 Nemausensium.
725 3683 808 3755 Quod
836 3702 906 3743 vero
934 3683 1007 3746 duae
1037 3691 1137 3745 extant
1162 3685 1208 3744 in-

23 3769 25 3808 l
94 3785 269 3864 scriptiones
293 3786 352 3867 (nn.
370 3791 410 3853 87
426 3793 456 3846 et
471 3784 536 3864 88),
556 3805 592 3845 ex
608 3786 715 3862 quibus
732 3785 824 3846 altera
841 3785 878 3866 (n.
897 3781 947 3862 88)
964 3794 1082 3865 reperta
1097 3787 1128 3846 in
1143 3787 1208 3846 vico

23 3889 25 3930 t
92 3882 212 3948 Murviel
225 3889 321 3948 veteri
332 3888 516 3948 Sextantioni
532 3888 625 3948 vicino
641 3893 765 3948 testatur
776 3905 867 3966 opera
882 3886 999 3966 publica
1016 3887 1208 3948 decurionum

23 3989 24 4040 ἲ
93 3985 208 4050 decreto
230 3989 275 4050 ibi
303 3991 379 4050 lacta
408 4007 474 4050 esse
497 3989 668 4052 curantibus
691 3990 758 4050 Sex.
784 3989 907 4050 Vettona
931 3987 961 4048 C.
986 3987 1105 4049 Pedone
1128 3987 1206 4047 aedi·

93 4103 397 4120 *Qu—„w”—

23 4193 25 4196 -
156 4160 198 4223 13)
224 4160 284 4210 Cir.
302 4158 379 4209 Mela
396 4160 427 4222 2,
446 4159 477 4208 5:
495 4161 565 4209 ultra
581 4165 640 4209 sunt
652 4165 745 4224 stagna
766 4157 913 4216 Volcarum,
931 4157 1029 4206 Ledam
1038 4157 1143 4220 flumen,
1161 4171 1205 4204 ea·

23 4283 25 4312 r
91 4245 184 4293 atellam
196 4245 308 4296 Latera.
331 4243 431 4309 Geogr.
441 4243 580 4296 Ravenna
595 4245 683 4294 ciuitas
692 4240 792 4293 Latera
805 4258 832 4306 p.
843 4243 901 4290 24'5.
912 4243 970 4290 340.
984 4241 1064 4290 Pind.
1076 4243 1104 4290 et
1113 4239 1208 4290 Parth.

23 4313 25 4366 ἶ
155 4329 199 4395 14)
213 4331 285 4397 App.
301 4330 387 4394 epigr.
401 4345 427 4379 n.
441 4331 507 4380 248:
521 4327 658 4380 Sententia
670 4328 731 4378 itin.
744 4343 770 4392 p.
780 4328 846 4389 3963
859 4325 973 4375 Sertata'o
986 4324 1043 4377 tab.
1055 4324 1128 4374 male
1141 4325 1209 4374 scri-

23 4453 25 4492 t
89 4417 163 4480 ptum
174 4414 253 4466 haud
265 4414 349 4466 dubie
361 4429 410 4483 pro
423 4414 558 4472 Sentattm
571 4413 690 4464 Seustatio
702 4412 764 4464 itin.
776 4428 803 4481 p.
814 4413 877 4478 3895
890 4409 1022 4462 Sostantr'o
1034 4408 1102 4461 ibid.
1115 4426 1141 4477 p.
1151 4411 1208 4463 552.
