3154 5162
523 399 663 483 parsu.
696 358 806 458 ¹cuum
829 401 847 458 1.
1054 358 1056 364 ’
1176 403 1236 467 129

128 569 154 623 et
181 564 215 624 ad
245 565 440 627 Centuriones
473 566 551 647 (itia.
573 586 602 647 p.
628 573 704 636 397;
735 567 772 628 ad
800 569 1010 630 Centenarium
1038 567 1113 637 tuh,
1142 587 1236 648 prope

128 665 207 726 Ceret
226 669 296 729 Any.
321 689 349 748 p.
375 673 452 738 223,
482 668 525 730 St.
548 669 663 729 Martie
684 671 722 730 de
743 671 896 732 Funeuille
917 667 1039 749 Lapiel,
1069 688 1144 749 quae
1168 676 1237 731 sunt

126 767 197 828 inter
223 769 425 831 Ruscinonem
455 778 485 830 et
515 789 663 831 summum
693 771 879 852 Pyrenaeum
909 771 985 851 (itin.
1013 773 1080 834 Ant.
1111 791 1140 851 p.
1163 765 1234 838 390.
1288 818 1292 829 ·

93 852 100 859 ’
127 865 207 946 397);
236 871 317 932 addit
338 870 413 932 Mela
435 873 559 933 Portum
580 874 705 934 Veneris
735 873 817 952 (Pori
844 871 986 952 Veadres)
1011 880 1054 943 et,
1083 872 1236 933 ubi·lines

126 970 228 1034 Calliae
254 975 352 1052 ponit,
376 973 475 1034 locum
498 975 680 1045 Cervarium,
710 976 760 1054 qui
786 995 895 1037 nomen
918 974 999 1036 dedit
1021 975 1234 1055 promontorio,

126 1073 307 1151 quod'hodie
330 1076 438 1138 dicitur
461 1077 548 1137 Cultu
571 1077 704 1138 Ceruuru
728 1077 808 1158 (Any.
833 1096 861 1156 p.
885 1075 972 1155 224);
996 1077 1126 1155 denique
1149 1075 1237 1137 Plinii

125 1177 200 1252 regio
222 1177 483 1239 Consuaranorum
508 1179 747 1240 commodissime
770 1179 941 1240 attribuitur
963 1179 1134 1241 Ruscinoni.

202 1278 355 1340 Confinem
369 1280 440 1340 huic
456 1280 565 1359 oppido
589 1283 614 1341 si
636 1283 776 1360 ponimus
798 1281 1159 1343 Tarasconiensium
1182 1297 1234 1358 op-

125 1379 218 1455 pidum
240 1380 379 1466 Latinum
403 1379 515 1462 (Ptin),
547 1385 748 1444 coniecturam
771 1385 926 1460 sequimur
948 1381 1064 1443 loviliii
1087 1381 1125 1462 (p.
1151 1377 1234 1454 6351,

97 1494 100 1499 ·
125 1483 169 1556 qui
189 1481 265 1543 hanc
289 1484 436 1546 civitatem
459 1483 584 1544 collocat
606 1483 642 1544 ad
664 1484 780 1546 radices
794 1485 939 1564 Pyrenaei
955 1485 1064 1544 montis
1079 1483 1144 1543 loco
1161 1500 1235 1561 quo·

28 1615 29 1618 =
125 1581 194 1652 dam,
217 1583 269 1644 ubi
291 1584 389 1645 medio
413 1603 484 1645 aevo
500 1592 631 1647 castrum
647 1586 809 1648 Tarascum
825 1593 897 1656 erat,
914 1585 1002 1646 hodie
1019 1591 1064 1646 est
1083 1584 1236 1644 Turuscuu

28 1759 30 1762 Ι
124 1683 155 1742 ad
176 1687 269 1764 ripam
294 1686 373 1746 lluvii
396 1686 519 1762 Arlape
549 1705 679 1765 namque
702 1689 728 1748 si
750 1688 786 1749 de
809 1688 977 1749 Tarascone
1000 1687 1037 1747 ad
1058 1685 1235 1748 Rhodanum

125 1786 173 1847 sita
194 1787 318 1848 dixisset
339 1787 466 1858 Plinius,
497 1789 576 1850 haud
599 1789 687 1850 dubie
710 1808 819 1851 nomen
841 1789 898 1849 loci
921 1791 1020 1868 potins
1043 1807 1129 1868 quam
1152 1789 1234 1848 inco·

123 1886 211 1949 larum
233 1892 425 1951 nominasset.
471 1890 577 1952 Postea
601 1893 626 1950 si
652 1892 731 1952 idem
753 1890 865 1953 huville
889 1889 927 1969 (p.
952 1888 1022 1970 635)
1037 1889 1235 1950 -Tasconos

29 2007 30 2018 ²
124 1987 202 2049 Plinii
223 1991 260 2052 ad
285 1991 469 2053 Cebennicos
492 2001 608 2054 montes
636 1993 750 2070 relegat
776 2010 871 2071 prope
903 1990 1012 2052 Tescou
1040 1992 1100 2051 sive
1126 1989 1236 2050 Tescun
1268 2066 1271 2073 Ι

28 2085 30 2184 J
123 2087 254 2162 liuvium,
280 2094 331 2171 qui
354 2095 467 2172 etipse
489 2094 637 2156 inlinitin
659 2094 780 2155 fluvium
808 2093 896 2162 Tadu,
921 2091 994 2152 haec
1016 2092 1171 2152 nominum
1194 2091 1233 2150 si·

28 2195 30 2228 1
124 2191 248 2254 militudo
273 2194 363 2255 eiiloit
384 2196 531 2274 quandam
553 2194 799 2276 probabilitatem.

28 2277 31 2314 ³
199 2295 512 2358 Umbranicornm
535 2301 637 2378 utique
660 2299 761 2359 civitas
776 2296 888 2367 Latina,
912 2298 936 2357 si
958 2293 1087 2357 tabulam
1104 2295 1232 2364 coniers

28 2387 30 2420 ³
123 2394 221 2457 inhae
244 2399 309 2458 lere
331 2401 454 2476 regione
478 2401 555 2460 circa
578 2399 748 2461 Cebennam
771 2399 886 2460 videtur
909 2397 1090 2466 consedisse,
1114 2397 1166 2457 sed
1189 2397 1234 2456 ni·

31 2576 34 2585 y
123 2498 173 2557 mis
193 2500 308 2560 incerta
331 2507 377 2560 est
397 2499 515 2561 tabulae
537 2500 587 2563 illa
609 2502 778 2581 dispositio,
808 2520 896 2580 quam
925 2519 961 2562 ex
990 2518 1047 2580 qua
1070 2499 1235 2561 accuratior

123 2597 244 2661 delinitio
267 2603 363 2680 possit
385 2601 509 2663 desumi.
548 2603 668 2665 Minime
692 2621 761 2665 vero
784 2611 898 2664 certum
921 2609 974 2673 est,
997 2601 1050 2662 uhi
1072 2599 1236 2661 collocandi

28 2723 30 2792 y
123 2701 176 2760 siut
202 2701 458 2764 Cambolectri
484 2703 681 2773 Atlantici;
713 2722 842 2783 quorum
870 2721 981 2764 nomen
1008 2704 1080 2773 nisi,
1110 2708 1144 2762 ut
1166 2707 1236 2761 sunt

123 2804 168 2878 qui
189 2806 371 2865 coniecerim
394 2803 458 2882 (cir.
482 2805 593 2867 Uchert
615 2826 643 2886 p.
668 2804 756 2885 273),
781 2805 874 2866 latere
897 2805 1005 2882 accipis
1028 2803 1084 2864 sub
1107 2803 1234 2863 nomini-

29 2907 30 2910 ’
123 2901 172 2965 bus
193 2905 347 2967 hodiernis
378 2907 590 2968 Combe-Haut
611 2908 648 2967 de
671 2907 813 2968 clarence
836 2914 865 2967 et
888 2904 1082 2966 Combe-Bos
1101 2905 1139 2964 de
1162 2903 1235 2962 Clu-

122 3023 212 3078 rence,
236 3027 313 3088 quae
336 3007 399 3069 loca
424 3011 546 3071 suntin
568 3009 742 3089 Pyrenaeis,
772 3026 865 3069 uuum
892 3013 1008 3067 tantum
1030 3011 1124 3065 restat
1146 3019 1233 3081 argu-

28 3133 30 3196 y
75 3128 78 3132 ·
122 3116 266 3180 mentum,
298 3110 378 3189 qnod
401 3111 514 3172 Plinius
543 3117 576 3182 4,
601 3115 640 3178 33
669 3113 746 3171 inter
769 3109 942 3187 Aquitaniae
970 3112 1074 3186 gentes
1096 3111 1234 3166 recenset

28 3243 30 3298 y
123 3207 338 3272 Cambolectros
360 3214 542 3290 Agesinates.
588 3212 660 3272 Inde
688 3213 766 3273 enim
797 3212 892 3291 possit
914 3209 1051 3271 concludi
1072 3205 1235 3269 Atlanticus

122 3309 337 3375 tamboleenos
352 3316 383 3376 in
407 3334 441 3375 ea
455 3313 658 3376 Narbonensis
674 3320 759 3392 parte
781 3311 938 3383 habitasse,
963 3329 1039 3389 quae
1062 3310 1157 3370 vicina
1172 3315 1236 3368 erat

122 3413 297 3492 Aquitaniae.
343 3417 452 3493 Utique
474 3416 531 3476 hoc
553 3415 725 3477 Latinorum
748 3433 858 3493 genus,
889 3413 968 3492 quod
996 3410 1167 3474 nominibus
1189 3410 1234 3468 in·

28 3525 29 3592 J
122 3513 258 3586 cularum,
283 3535 342 3577 non
366 3518 545 3598 oppidorum
569 3518 787 3586 denominatur,
810 3535 865 3596 per
887 3533 975 3593 agros
997 3515 1097 3593 potius
1120 3511 1234 3590 dispcr-

122 3632 181 3676 sum
209 3619 328 3680 videtur
355 3619 520 3689 habitasse,
550 3637 637 3698 quam
666 3625 783 3679 certum
812 3615 954 3698 oppidum
981 3614 1120 3676 habuisse
1148 3619 1236 3674 etex

28 3743 29 3748 ¹
121 3713 172 3777 hac
193 3736 313 3797 quoque
336 3740 440 3784 caussa
462 3720 621 3781 verisimile
645 3728 706 3790 est,
732 3722 766 3782 in
795 3717 947 3780 montibus
977 3735 1027 3778 eos
1057 3733 1122 3776 esse
1145 3712 1235 3774 collo·

28 3795 29 3816 1
122 3818 234 3881 candos.

28 4003 29 4006 Ἴ
200 3923 262 3983 lam
287 3941 356 3984 vero
379 3926 410 3984 iu
433 3923 487 3986 bac
509 3931 595 4003 parte
617 3921 690 3984 nihil
712 3928 806 3985 restat
827 3922 885 3982 nisi
905 3925 1103 3982 Helviorum
1124 3915 1234 3984 civitas,

28 4039 29 4094 ἢ
123 4022 200 4083 ouius
224 4041 295 4102 ager
317 4032 423 4086 natura
444 4025 578 4087 inclusus
605 4026 685 4086 iuter
713 4023 819 4085 lluvios
842 4020 979 4083 Arddche
1000 4018 1236 4095 Rhodanumque

28 4129 30 4170 i
123 4126 150 4179 et
170 4132 301 4186 montem
326 4125 495 4208 Cebennam
522 4127 600 4187 idem
629 4126 693 4186 iere
723 4130 785 4185 erat
812 4130 901 4199 atque
929 4139 1009 4182 nunc
1031 4119 1131 4196 regio,
1159 4133 1235 4193 quae

123 4219 224 4288 dicitur
247 4225 454 4304 departement
468 4229 505 4288 de
524 4225 691 4289 t’Arddclre.
737 4226 877 4287 Ceterum
899 4224 930 4283 in
951 4221 1007 4282 hac
1021 4221 1144 4297 regione
1168 4236 1235 4279 cum

28 4409 29 4414 γ
122 4327 287 4388 rarissimae
311 4330 370 4389 sint
391 4330 600 4408 inscriptiones
622 4346 719 4406 neque
735 4327 780 4387 via
799 4323 917 4404 publica
932 4323 1093 4392 transierit,
1117 4326 1236 4400 praeter

169 4451 287 4513 herzog,
302 4456 386 4504 Galliae
399 4455 465 4504 Nerb.
480 4461 532 4504 hist·
1014 4431 1033 4492 9
