3148 5160
304 421 365 486 184
689 415 773 472 PARS
795 417 824 472 ll.
869 415 976 473 GAPVT
998 414 1028 470 ll.

302 587 466 648 Carcasone
490 586 520 647 G.
546 585 713 646 Cominium
735 584 765 644 G.
787 584 807 644 l.
832 584 1013 644 Ritutionem
1038 582 1076 662 (n.
1101 577 1187 658 266),
1212 579 1340 640 Tolosae
1367 577 1425 638 Ha·

301 707 423 749 narrum
447 687 620 749 Daunoricis
643 685 734 746 tilium
758 685 802 766 (n.
827 683 904 764 281)
928 685 1100 762 ibidemque
1128 700 1323 764 permagnum
1348 681 1425 742 Deo·

302 809 368 852 rum
396 789 603 868 indigenarum
630 806 808 856 numerum;
845 787 984 848 Nemausi
1017 787 1259 848 Arecomicorum
1288 783 1427 844 Helvium

261 903 263 908 '
302 893 496 962 Ecimarium,
528 885 669 959 Voltinia,
705 889 831 950 Vitalem
866 908 933 950 cum
962 906 1056 950 uxore
1085 888 1223 966 'logiacia
1259 886 1304 967 (n.
1336 880 1426 960 136).

302 995 486 1056 vernonium
521 992 703 1053 Virillionem
736 989 780 1072 (n.
816 987 910 1069 142),
945 991 1084 1076 Toutium
1117 987 1304 1052 Diviciantilli
1333 987 1427 1048 filium

303 1116 371 1158 cum
399 1095 473 1157 lolia
499 1095 642 1155 Porronis
670 1092 727 1152 filia
758 1092 802 1174 (n.
828 1090 920 1172 252),
948 1092 1001 1154 Gn.
1026 1092 1178 1153 Octavium
1202 1091 1252 1152 Cn.
1277 1091 1298 1150 l.
1323 1089 1427 1150 Gaiau·

303 1219 372 1260 cum
396 1198 439 1280 (n.
465 1193 558 1274 262),
590 1196 776 1256 Mansuetum
799 1195 969 1256 Andorouri
990 1192 1083 1257 filium
1106 1196 1151 1269 (n.
1174 1192 1269 1272 263),
1301 1190 1426 1252 Solima-

303 1319 370 1362 rum
408 1298 593 1360 Leiturronis
631 1297 675 1379 (n.
708 1293 800 1376 264);
839 1295 919 1358 Reiis
949 1295 1169 1375 Apollinaribus
1197 1291 1429 1356 vindemialium

273 1447 278 1453 -
305 1397 349 1482 (ιι.
375 1401 451 1479 397)
482 1405 510 1459 et
537 1401 688 1461 veratium
712 1400 894 1460 Moeotimari
916 1397 1008 1459 filium
1032 1397 1072 1478 (n.
1099 1395 1186 1475 398);
1216 1398 1308 1477 Aptae
1337 1395 1429 1456 luliae

304 1501 485 1564 Aucalonem
510 1501 553 1582 (n.
579 1501 671 1582 427);
696 1503 823 1563 Vasione
846 1503 1058 1562 Vocontiorum
1082 1500 1237 1559 Lituccum
1261 1497 1306 1578 (n.
1332 1502 1395 1564 437
1403 1495 1428 1573 );

306 1605 441 1665 Genavae
461 1602 654 1679 Allobrogum
675 1603 706 1663 P.
730 1604 869 1672 Decium,
893 1603 1053 1664 Troucetei
1075 1600 1146 1680 Vepi
1167 1600 1270 1670 filium,
1295 1600 1429 1660 Esuner·

306 1714 369 1767 tum
401 1708 431 1764 in
464 1706 658 1784 inscriptione
692 1707 761 1766 anni
793 1725 818 1766 a.
853 1705 904 1767 Ch.
937 1711 955 1772 8
993 1703 1038 1783 (n.
1070 1700 1162 1781 600),
1202 1703 1232 1764 C.
1262 1702 1429 1768 Graxsium,

249 1832 251 1836 ·
306 1807 446 1876 Voltinia,
465 1806 598 1866 Hilarum
623 1805 774 1868 Vitalionis
791 1805 883 1868 lilium
908 1807 944 1885 (n.
964 1803 1050 1883 601);
1076 1812 1104 1866 at
1121 1824 1226 1884 magna
1245 1803 1432 1882 reliquorum

307 1910 461 1970 nominum
483 1907 578 1969 moles
602 1910 733 1987 exceptis
754 1909 875 1969 Graecis
898 1908 1074 1968 libertorum
1091 1904 1321 1985 cognominibus
1344 1923 1433 1984 pror·

308 2030 358 2072 sus
380 2010 514 2073 Romana
538 2017 591 2071 est.
638 2011 739 2087 Aeque
767 2009 844 2070 duae
867 2010 1078 2089 inscriptiones
1102 2008 1211 2070 Celtica
1233 2007 1336 2085 lingua
1360 2025 1433 2068 con-

307 2119 409 2190 ceptae
439 2113 504 2189 (nn.
535 2117 596 2178 249
626 2118 655 2170 et
685 2109 761 2190 445)
796 2113 877 2172 inter
905 2118 948 2171 tot
975 2110 1096 2172 Latinos
1124 2110 1225 2171 titulos
1254 2111 1435 2180 confirmant

307 2215 406 2292 potius
430 2230 518 2290 quam
542 2213 698 2274 debilitant
720 2214 880 2291 imaginem
903 2213 1108 2274 evanescentis
1132 2213 1261 2272 nationis
1291 2210 1431 2272 Gallicae.

309 2314 416 2376 Contra
433 2315 614 2375 Graecorum
638 2315 709 2375 ditio
732 2314 780 2374 hic
802 2331 922 2393 quoque
947 2321 979 2374 ut
1000 2315 1032 2374 in
1055 2315 1137 2374 omni
1152 2314 1280 2393 imperio
1296 2312 1434 2374 Romano

308 2414 442 2476 moribus
470 2416 605 2496 vitaeque
633 2417 776 2478 institutis
799 2416 862 2475 lere
884 2417 995 2476 intacta
1017 2416 1140 2484 restitit,
1170 2423 1204 2476 ut
1231 2415 1333 2476 videas
1363 2416 1436 2477 satis

309 2515 450 2576 habuisse
476 2516 640 2586 Romanos,
663 2518 824 2596 ‘indigenas
853 2535 888 2577 ex
918 2516 1101 2578 Graecorum
1128 2535 1248 2578 morum
1283 2523 1436 2596 potestate

310 2636 417 2696 parum
447 2618 560 2678 efficaci
588 2619 774 2700 transtulisse
803 2618 839 2680 ad
874 2636 997 2678 suorum
1030 2619 1238 2681 institutorum
1271 2620 1438 2698 imperium

311 2720 474 2788 efficacius,
509 2738 566 2799 quo
596 2720 720 2780 consilio
750 2719 785 2780 ad
816 2720 904 2780 finem
932 2719 1078 2800 perducto
1107 2721 1253 2782 Graecam
1283 2719 1437 2782 Massiliae

310 2820 440 2882 indolem
464 2821 537 2882 adeo
561 2841 622 2883 non
644 2820 837 2891 sustulerunt,
860 2828 894 2882 ut
909 2821 1044 2883 soverent
1067 2841 1131 2884 eam
1151 2822 1259 2883 urbem
1283 2831 1438 2901 tamquam

310 2924 458 3001 insignem
482 2923 613 2985 Graecae
637 2925 782 2984 comitatis
806 2922 1048 3002 Graecorumque
1072 2924 1242 2986 studiorum
1265 2924 1380 2986 sedem.

396 3025 522 3086 Status
550 3025 657 3084 deinde
686 3032 935 3104 quaestusque
964 3026 1095 3086 rationes
1123 3028 1164 3088 ita
1191 3028 1272 3088 inter
1304 3045 1338 3087 se
1367 3033 1441 3088 sunt

214 3205 217 3216 Ι
310 3127 443 3195 iunctae,
474 3133 507 3186 ut
535 3133 677 3204 quaestus
705 3127 834 3204 pendeat
861 3132 978 3187 astatu
1001 3125 1156 3190 libertatis.
1203 3129 1440 3208 Distinguuntur

312 3233 410 3286 autem
434 3229 598 3288 secundum
614 3234 722 3288 statum
737 3225 882 3288 libertatis
898 3229 1029 3305 ingenui,
1052 3228 1162 3299 liberti,
1187 3231 1281 3290 servi:
1307 3247 1440 3308 quorum

311 3333 421 3406 quanta
445 3330 589 3406 cuiusque
611 3331 730 3407 generis
752 3331 783 3388 in
805 3328 992 3391 Narbonensi
1013 3330 1104 3391 luerit
1126 3331 1301 3402 multitudo,
1333 3349 1440 3409 quam·

312 3447 401 3506 quam
424 3431 599 3507 cognovisse
621 3432 722 3508 magni
744 3433 886 3490 momenti
910 3438 989 3492 esset
1012 3431 1048 3491 ad
1071 3430 1291 3494 diiudicandam
1314 3435 1440 3513 provin-

313 3531 376 3589 ciae
399 3530 621 3602 condicionem,
651 3540 751 3593 tamen
779 3550 867 3591 nemo
897 3534 954 3592 erit
976 3535 1028 3610 qui
1050 3536 1183 3594 numeris
1207 3551 1336 3594 censere
1356 3533 1439 3595 velit.

314 3631 441 3692 Omnino
464 3639 561 3693 autern
585 3633 670 3694 lacile
693 3631 889 3710 intellegitur,
920 3652 969 3704 ea,
1000 3650 1075 3711 quae
1098 3634 1225 3713 legimus
1247 3634 1285 3694 de
1308 3638 1441 3697 nationi·

314 3732 370 3793 bus
399 3752 552 3795 servorum
575 3734 686 3795 Romae
716 3737 910 3803 coacervatis,
939 3733 976 3795 de
1004 3734 1128 3796 milibus
1157 3737 1380 3816 mancipiorum
1406 3739 1442 3797 in

314 3834 497 3912 singularum
530 3835 673 3897 domuum
706 3838 888 3916 privatarum
927 3855 1015 3897 usum
1049 3839 1196 3918 coemptis
1230 3835 1315 3899 nullo
1347 3837 1441 3899 modo

313 3937 471 3997 transferri
493 3955 581 4015 posse
605 3936 640 3996 ad
662 3938 844 4017 provincias,
869 3939 960 3997 immo
982 3939 1012 3998 in
1035 3936 1091 3998 hac
1114 3955 1294 4017 quoquere
1316 3942 1441 4019 provin·

314 4036 418 4099 cialem
442 4044 472 4097 et
493 4037 702 4117 municipalem
725 4040 937 4115 parsimoniam
966 4038 1087 4100 modum
1118 4041 1260 4101 statuisse
1289 4040 1439 4104 luxuriae.

313 4138 358 4197 ln·
370 4136 557 4199 Narbonensi
580 4156 650 4197 vero
672 4140 736 4215 ipsa
758 4139 948 4200 multitudine
971 4140 1150 4220 oppidorum
1173 4160 1190 4201 a
1211 4143 1320 4221 primis
1342 4143 1442 4221 impe·

314 4238 466 4299 ratoribus
497 4257 552 4317 per
582 4256 701 4298 omnem
729 4241 911 4317 provinciam
939 4242 1145 4303 institutorum
1168 4249 1289 4304 cautum
1313 4250 1374 4313 est,
1399 4261 1442 4304 ne

316 4337 412 4399 solum
434 4338 615 4416 provinciale
637 4356 692 4417 pro
714 4339 824 4417 praeda
848 4347 927 4401 esset
953 4359 1120 4420 paucorum
1140 4362 1369 4422 possessorum,
1395 4353 1443 4406 at·
