3184 5162
303 444 343 504 24
764 435 961 494 Praetuttii.

303 607 462 670 servitutis.
508 607 618 665 Verum
642 605 716 664 mira
739 601 812 663 haec
834 603 864 662 in
888 602 986 664 ionica
1008 604 1123 663 civitate
1140 603 1304 662 constantia
1327 607 1358 660 et
1373 619 1422 660 ve·

303 717 401 771 terum
424 708 626 769 institutorum
649 706 791 765 tenacitas
813 705 939 764 lortasse
960 722 1056 782 aeque
1076 711 1165 782 atque
1186 707 1216 764 iu
1240 704 1339 782 legum
1363 704 1422 762 vir·

303 818 367 872 tute
390 816 420 870 et
441 810 611 889 principum
635 808 779 887 sapientia
795 808 890 885 posita
913 809 1027 868 eratin
1050 817 1173 868 externa
1196 807 1320 866 civitatis
1342 804 1423 864 illius

303 911 492 976 condicione:
516 911 719 971 Romanorum
736 907 830 969 libera
845 908 1015 988 respublica
1030 909 1098 972 ideo
1114 909 1303 988 potissimum
1319 905 1424 967 debuit

288 1015 404 1083 xeverti,
429 1012 509 1090 quod
532 1031 567 1072 ea
589 1010 770 1091 reipublicae
792 1012 897 1079 torma,
921 1029 997 1090 quae
1012 1029 1072 1071 non
1088 1012 1146 1072 nisi
1167 1009 1203 1071 ad
1227 1011 1316 1080 unius
1338 1008 1424 1068 urbis

303 1115 588 1176 administrationem
613 1119 677 1174 erat
699 1113 891 1181 conformata,
915 1131 975 1174 nou
997 1115 1056 1174 iam
1071 1113 1187 1173 sullecit
1201 1111 1333 1189 regendo
1356 1109 1424 1170 orbi

303 1223 469 1285 terrarum;
500 1213 647 1277 Massiliae
670 1233 740 1275 vero
762 1213 854 1274 habes
877 1216 1038 1284 civitatem,
1067 1231 1143 1292 quae
1171 1216 1249 1275 intra
1271 1212 1423 1274 modicum

304 1319 420 1382 externi
442 1335 598 1380 successus
622 1335 744 1378 cursum
774 1323 890 1376 retenta
913 1322 943 1376 et
965 1317 1001 1376 ad
1029 1324 1128 1377 certos
1156 1315 1301 1394 quosdam
1323 1332 1424 1392 neque

303 1438 374 1480 vero
397 1421 485 1480 nimis
508 1425 650 1497 augustos
672 1419 745 1478 fines
767 1417 887 1478 redacta
901 1435 955 1495 per
978 1420 1109 1496 quinque
1130 1419 1195 1478 lere
1217 1416 1335 1478 saecula
1351 1435 1421 1476 con·

303 1528 383 1581 tenta
407 1528 471 1582 erat
492 1522 567 1581 lines
589 1519 655 1580 illos
677 1520 764 1579 anxie
787 1520 878 1587 tueri,
906 1519 1047 1597 quidquid
1070 1521 1186 1581 lructus
1207 1519 1278 1580 iude
1301 1520 1422 1596 exigen-

303 1623 374 1683 dum
391 1632 479 1691 esset,
504 1623 633 1700 exigere,
657 1621 803 1682 maritima
819 1622 996 1681 commercia
1018 1619 1190 1682 foederibus
1211 1623 1311 1701 potius
1333 1638 1424 1698 quarn

305 1723 477 1801 longinquis
500 1721 738 1802 expeditionibus
761 1739 885 1799 augere,
909 1720 1037 1799 reliqua,
1067 1742 1143 1802 quae
1165 1742 1226 1784 non
1247 1724 1342 1802 ipsius
1362 1724 1423 1783 rei·

303 1809 440 1906 publicae
452 1827 640 1894 interessent,
657 1824 789 1903 privatae
804 1830 1004 1885 mercatorum
1020 1843 1141 1886 suorum
1156 1825 1330 1894 industriae,
1348 1841 1425 1902 quae

304 1930 335 1988 in
355 1929 554 1990 remotissima
569 1935 718 1988 terrarum
733 1924 874 2006 Pytheam
897 1925 1036 2004 perduxit
1056 1933 1085 1986 et
1107 1926 1332 2007 Euthymenem,
1354 1944 1424 2006 per-

304 2031 434 2090 mittere.
468 2030 533 2101 Quo
550 2027 639 2088 modo
654 2029 764 2089 lactum
781 2034 834 2097 est,
852 2035 885 2088 ut
896 2045 950 2106 per
963 2046 1051 2088 omne
1065 2026 1137 2088 illud
1151 2035 1277 2107 tempus,
1295 2045 1355 2106 quo
1370 2046 1426 2106 per

305 2130 415 2192 ltaliam
446 2130 667 2210 et‘Hispaniam
688 2136 768 2190 terra
791 2131 924 2207 marique
946 2129 983 2190 de
1007 2148 1122 2191 summa
1144 2149 1246 2190 rerum
1263 2131 1342 2190 inter
1364 2127 1425 2188 llo·

305 2252 408 2294 manos
438 2239 468 2292 et
490 2230 749 2308 Carthaginienses
778 2236 960 2299 certaretur,
990 2231 1086 2292 media
1112 2234 1192 2292 inter
1220 2231 1427 2292 dimicantium

304 2352 386 2395 arma
408 2335 438 2393 in
461 2340 595 2393 extremo
617 2330 669 2391 illo
692 2333 782 2392 maris
804 2333 914 2391 interni
929 2334 995 2392 sinu
1012 2334 1096 2409 quasi
1118 2335 1148 2394 in
1169 2334 1318 2394 tutissimo
1334 2339 1426 2411 portu

304 2453 378 2513 pace
405 2452 439 2494 ac
467 2431 679 2511 tranquillitate
706 2431 850 2509 gauderet
872 2432 1000 2494 Massilia
1028 2442 1116 2511 atque
1143 2437 1252 2494 intacta
1281 2443 1311 2495 et
1339 2439 1441 2494 aucta-

303 2535 403 2613 potius
427 2549 515 2610 quam
537 2535 694 2593 imminuta
716 2532 824 2593 ouillo
847 2534 980 2612 periculo
1004 2537 1107 2595 exiret.
1153 2535 1196 2596 lh
1227 2535 1281 2596 hac
1303 2538 1427 2615 inquam

304 2641 428 2696 externa
450 2633 634 2713 reipublicae
658 2633 844 2704 condicione,
869 2652 944 2711 quae
967 2653 1062 2714 aeque
1077 2638 1184 2698 civium
1200 2633 1279 2698 vires
1301 2643 1428 2698 strenue

305 2735 464 2796 exercebat
485 2742 575 2813 atque
598 2753 672 2816 opes
695 2735 809 2797 modice
832 2737 966 2814 augebat,
992 2745 1139 2817 tamquam
1162 2740 1282 2800 alonte
1304 2745 1428 2816 repetas

303 2839 438 2898 internos
467 2836 534 2898 illos
564 2839 752 2916 optimatium
781 2838 1007 2900 Massiliensium
1043 2858 1214 2908 successus,
1245 2839 1354 2915 quibus
1382 2842 1426 2900 cl·

304 2940 416 2999 lectum
432 2947 491 3008 est,
516 2946 549 2999 ut
564 2938 639 3000 baec
653 2938 823 3017 respublica
846 2957 997 3018 nunquam
1020 2939 1153 3001 civilibus
1175 2941 1272 3002 turbis
1296 2943 1428 3002 exercita

304 3061 400 3121 usque
423 3042 458 3101 ad
483 3060 547 3101 eam
570 3047 706 3110 aetatem,
731 3056 788 3117 qua
805 3041 1011 3118 superioribus
1025 3040 1228 3102 Romanorum
1250 3044 1342 3103 armis
1358 3061 1429 3102 suc·

305 3142 416 3211 cubuit,
440 3142 521 3203 nulla
542 3140 669 3201 labentis
692 3141 865 3220 discipliuae
887 3141 994 3203 indicia
1017 3145 1127 3203 exteris
1149 3143 1301 3222 proderet.

390 3243 480 3304 Cuius
502 3241 588 3302 urbis
611 3244 737 3302 moenia·
752 3241 803 3302 ubi
826 3258 965 3319 egressus
988 3244 1057 3312 eris,
1080 3246 1179 3305 statim
1194 3244 1428 3314 animadvertes,

305 3359 393 3422 quam
417 3345 524 3420 exiguo
552 3342 705 3402 territorio
733 3343 890 3403 moenibus
918 3345 1056 3422 contiguo
1086 3345 1287 3407 Massilienses
1314 3347 1431 3408 luerint

304 3446 445 3506 contenti.
492 3443 625 3503 Diximus
648 3462 747 3521 supra,
772 3462 832 3504 uon
856 3445 946 3506 luisse
969 3446 1167 3515 Graecorum,
1191 3447 1430 3509 mediterraneas

303 3547 444 3622 regiones
465 3562 629 3622 occupare,
659 3544 711 3604 sed
739 3544 813 3605 baec
841 3545 954 3607 colonia
982 3565 1021 3606 ne
1044 3547 1281 3610 suburbicariam
1304 3550 1429 3629 quidem

304 3647 457 3722 regionem
486 3645 620 3705 latiorem
650 3645 706 3706 sibi
734 3646 898 3708 vindicavit.
943 3647 1077 3726 Namque
1104 3651 1252 3710 orientem
1281 3668 1390 3712 versus
1413 3673 1432 3713 a

303 3748 409 3826 primis
431 3746 501 3806 inde
523 3746 685 3814 montibus,
710 3748 843 3822 quinon
866 3746 953 3824 longe
976 3747 1099 3809 aberant
1120 3768 1136 3808 a
1159 3750 1302 3820 Massilia,
1328 3755 1430 3814 consi-

304 3847 393 3908 debat
414 3865 489 3925 gens
511 3846 630 3928 Salyum
654 3849 715 3906 sive
738 3846 935 3909 Salluviorum
944 3845 995 3928 ⁷⁶),
1023 3868 1112 3928 quam
1135 3849 1260 3913 liberam
1283 3869 1300 3910 a
1323 3853 1430 3914 Massi·

303 3949 442 4011 liensium
465 3949 592 4028 imperio
614 3949 708 4009 luisse
723 3946 833 4008 docent
854 3947 930 4008 bella
952 3948 1019 4018 illa,
1049 3969 1124 4029 quae
1146 3959 1250 4031 postea
1274 3973 1343 4014 cum
1367 3955 1429 4016 Ro-

304 4051 409 4120 maniS,
432 4049 660 4111 Massiliensium
683 4048 855 4119 loederatis,
878 4055 1044 4126 gesserunt.
1086 4051 1280 4114 Occidentem
1303 4073 1376 4116 vero
1402 4066 1434 4119 et

373 4285 415 4351 76)
433 4287 475 4336 De
493 4287 579 4337 variis
597 4287 679 4336 huius
696 4284 815 4335 nominis
834 4281 907 4346 apud
926 4281 1047 4334 Graecos
1065 4285 1257 4353 Romanosque
1276 4291 1436 4356 scriptores

305 4369 398 4420 formis
418 4372 467 4420 cfr.
487 4372 608 4435 Uekert,
628 4371 728 4435 Geogr.
747 4371 776 4432 2,
795 4371 826 4430 2,
844 4369 902 4418 293.
921 4368 979 4416 295.
