3154 5162
357 475 419 537 154
741 471 826 528 Plus
848 471 877 529 ll.
922 469 1028 528 GdPV'l
1050 471 1081 527 ll.

355 639 459 720 pidum
486 639 619 700 videmus
647 637 791 718 appellari
817 637 1028 712 rempublicam
1057 638 1253 717 (Nemausum
1281 656 1347 717 app.
1379 657 1407 699 n.
1428 645 1463 706 07

356 749 417 802 not.
441 747 533 810 extr..
557 740 684 801 Glanum
712 758 741 801 n.
767 743 844 809 360,
868 740 1025 800 Vasionem
1049 737 1137 818 433),
1165 738 1224 800 hoc
1251 757 1363 801 nomen
1390 739 1464 800 adli·

356 843 422 904 beri
450 849 568 922 poterat
600 842 636 904 ad
665 843 764 904 omnia
792 859 827 902 ea
854 839 977 920 oppida,
1007 840 1114 918 quihus
1140 844 1257 922 proprii
1283 843 1465 920 magistratus

357 951 442 1007 erant
463 945 607 1006 concessi.
657 943 744 1005 Urbis
765 961 836 1005 vero
859 961 968 1005 nomen
996 945 1026 1004 in
1049 961 1110 1004 uno
1132 949 1249 1004 tantum
1275 944 1362 1006 titulo
1383 943 1464 1004 habe·

357 1066 437 1117 mus,
477 1046 513 1108 ad
546 1045 689 1126 oppidum
720 1045 903 1126 provinciale
936 1044 1101 1106 adhibitum
1136 1064 1231 1125 eoque
1265 1046 1374 1108 dubiae
1405 1045 1466 1107 fidei

358 1148 562 1229 (Baeterrensi
590 1169 619 1210 n.
645 1147 710 1226 82).
765 1148 807 1209 De
834 1149 959 1210 ciolmtls
985 1155 1137 1227 postremo
1166 1150 1300 1218 nomine,
1330 1148 1409 1227 quod
1438 1149 1465 1207 in

356 1249 533 1330 quibusdam
556 1249 650 1312 titulis
671 1259 848 1329 usurpatur,
873 1249 1034 1311 notandum
1058 1256 1118 1318 est,
1149 1257 1179 1310 et
1207 1252 1328 1311 omnino
1357 1251 1464 1312 rarissi-

357 1371 421 1414 mos
449 1369 517 1413 esse
547 1371 598 1414 eos
626 1352 727 1414 titulos
759 1358 858 1413 certae
885 1351 1021 1413 lectionis
1045 1350 1126 1430 (app.
1156 1370 1185 1412 n.
1210 1361 1250 1420 77
1272 1351 1417 1421 Narbon„
1437 1370 1462 1411 n.

358 1459 428 1521 106.
452 1453 595 1524 Foroiul,
619 1474 648 1516 n.
672 1460 744 1522 408.
768 1460 829 1522 519
853 1455 1027 1522 Viennens,
1056 1459 1118 1520 450
1145 1453 1210 1514 tin.
1233 1452 1331 1524 Heln,
1356 1455 1465 1522 licens,

357 1557 487 1625 Valent.;
511 1558 638 1618 sortasse
662 1558 750 1616 etiam
773 1561 834 1624 389
857 1555 1008 1636 Reiens.),
1039 1562 1067 1616 et
1095 1573 1188 1616 unum
1216 1555 1305 1616 modo
1329 1555 1372 1634 (n.
1398 1553 1465 1630 106)

356 1657 434 1719 ultra
456 1657 587 1719 medium
610 1657 761 1718 saeculum
783 1675 812 1736 p.
831 1657 881 1718 Ch.
899 1655 1063 1719 secundum
1085 1675 1174 1738 posse
1197 1657 1320 1728 reterri,
1343 1657 1466 1734 reliquos

357 1766 408 1822 aut
429 1761 605 1839 posterioris
628 1761 732 1822 aetatis
756 1777 836 1829 esse,
863 1767 894 1820 ut
915 1758 1114 1820 Viennensem
1137 1761 1176 1840 (n.
1194 1759 1282 1839 489),
1307 1761 1361 1838 qui
1375 1761 1466 1837 dugu-

358 1867 420 1922 stos
435 1867 659 1931 commemorat,
676 1861 822 1924 Deensem
839 1861 877 1941 (n.
889 1859 972 1940 450),
989 1863 1041 1939 qui
1055 1864 1125 1923 anni
1141 1868 1187 1922 est
1201 1881 1230 1941 p.
1243 1861 1295 1923 ch,
1312 1866 1385 1932 245,
1401 1862 1466 1922 Nar·

358 1963 539 2033 bonensem,
564 1966 614 2041 qui
637 1965 735 2042 quarti
758 1982 786 2042 p.
805 1963 856 2024 Ch.
873 1961 983 2024 saeculi
1006 1970 1065 2030 est,
1089 1971 1140 2025 aut
1162 1982 1265 2025 carere
1288 1965 1466 2031 auctoritate,

357 2072 391 2126 ut
412 2067 610 2128 Viennensem
634 2067 673 2146 (n.
691 2066 761 2145 510)
786 2066 916 2145 positum
938 2083 954 2125 a
977 2071 1087 2130 statore
1103 2065 1251 2136 coloniae,
1264 2063 1398 2127 'homine
1419 2065 1468 2126 soi-

356 2167 426 2229 licet
458 2168 578 2230 inculto.
636 2169 730 2229 lmmo
762 2169 868 2245 ingens
900 2169 1126 2248 inscriptionum
1166 2167 1323 2228 multitudo
1358 2166 1467 2247 probat

357 2287 452 2348 usque
475 2270 511 2330 ad
534 2278 661 2332 aetatem
683 2272 898 2332 Antoninorum
922 2270 1030 2349 oppida
1056 2268 1246 2350 provincialia
1273 2287 1346 2349 prae
1375 2289 1407 2330 se
1428 2276 1468 2328 tu-

357 2371 427 2433 lisse
455 2380 486 2433 et
514 2371 671 2450 diligenter
703 2372 849 2433 indicasse
877 2373 1022 2449 insignius
1050 2372 1233 2433 coloniarum
1266 2389 1393 2441 nomen,
1419 2387 1470 2431 neo

357 2475 415 2533 nisi
437 2481 594 2553 postquam
617 2481 647 2534 et
669 2474 800 2535 deterior
823 2474 888 2534 lieri
911 2476 1008 2554 coepit
1030 2474 1208 2554 oppidorum
1236 2479 1331 2534 status
1355 2480 1386 2534 et
1407 2473 1468 2533 civi·

357 2581 417 2636 tate
440 2574 620 2637 aCaraoalla
642 2594 839 2656 peromnem
862 2575 964 2636 orbem
987 2575 1153 2638 Romanum
1175 2582 1339 2656 propagata
1361 2581 1470 2636 veteres

357 2675 468 2755 gradus
490 2677 602 2738 vilioris
626 2685 696 2738 sunt
717 2679 796 2748 lacti,
820 2695 879 2738 non
902 2679 961 2740 iam
982 2678 1163 2748 interfuisse,
1188 2680 1343 2755 antiquum
1368 2693 1470 2739 nomen

358 2796 545 2849 conservare,
568 2781 608 2840 ita
623 2788 656 2842 ut
675 2787 773 2852 vetera
796 2787 826 2840 et
847 2781 976 2842 nominis
999 2786 1028 2840 et
1050 2782 1125 2842 iuris
1147 2780 1318 2841 discrimina
1342 2799 1404 2841 uno
1425 2777 1470 2838 illo

357 2888 567 2960 mergerentur
590 2883 709 2943 nomine
733 2889 762 2942 et
788 2883 854 2943 iure
883 2883 1022 2951 civitatis,
1051 2881 1130 2960 quod
1154 2884 1325 2962 oppositum
1355 2887 1419 2942 erat
1438 2879 1469 2939 ab

335 3003 417 3046 una
438 2991 523 3064 parte
547 2986 618 3046 vicis
640 2986 701 3045 sive
723 2983 841 3064 oppidis
864 2983 1057 3053 contributis,
1081 2983 1118 3046 ab
1140 2983 1233 3046 altera
1254 2991 1342 3063 parte
1366 2988 1470 3044 metro·

356 3085 427 3166 poli.
459 3087 524 3158 Quo
547 3088 593 3156 lit,
618 3093 651 3147 ut
672 3090 703 3148 in
725 3087 829 3147 notitia
851 3087 1071 3164 provinciarum
1087 3084 1197 3147 Galliae
1219 3086 1353 3146 civitates
1376 3081 1469 3164 appel·

358 3187 457 3248 lentur
480 3205 675 3267 quaecunque
698 3193 912 3250 enumerantur
935 3188 1042 3268 oppida
1064 3206 1120 3249 nec
1142 3189 1200 3248 nisi
1218 3190 1249 3248 in
1264 3204 1385 3265 quaque
1407 3203 1470 3266 pro·

358 3289 452 3350 vincia
474 3305 533 3349 una
556 3309 572 3349 e
594 3289 719 3367 reliquis
743 3296 875 3368 emergat
897 3288 1080 3370 metropolis.

442 3391 503 3450 lam
525 3408 596 3452 vero
619 3392 643 3451 si
665 3410 681 3451 a
709 3393 863 3453 nominum
892 3395 1032 3453 varietate
1060 3391 1095 3452 ad
1123 3393 1197 3453 iuris
1219 3391 1383 3454 discrimen
1407 3407 1470 3470 pro·
1553 3399 1554 3450 t

359 3492 505 3562 cedimus,
538 3491 614 3553 duae
647 3495 836 3570 quaestiones
871 3501 941 3556 sunt
966 3493 1178 3564 instituendae,
1210 3493 1291 3555 unde
1326 3509 1470 3558 eruamus,

358 3595 514 3673 primum
539 3594 625 3670 quid
648 3596 765 3656 luerit
786 3597 968 3674 cuiusque
991 3595 1215 3676 oppidorum
1231 3596 1470 3673 generisius,
1552 3589 1554 3630 ³

359 3693 464 3756 deinde
488 3712 570 3755 num
594 3713 686 3773 quae
709 3697 927 3776 provinciae
951 3704 1106 3759 nostrae
1129 3695 1261 3778 oppida
1284 3699 1387 3758 inter
1408 3698 1471 3758 ltu·
1552 3635 1554 3758 )

358 3795 458 3874 gusti
481 3802 639 3856 aetatem
665 3797 938 3860 etCaracallam
959 3801 1042 3861 iure
1065 3801 1139 3860 sint
1160 3807 1283 3868 aucta,
1308 3798 1472 3879 exquibus

359 3896 582 3976 quaestionibus
615 3901 747 3977 priorem
783 3906 845 3961 tum
877 3899 998 3961 demum
1031 3901 1197 3980 poterimus
1228 3907 1377 3971 tractare,
1410 3915 1472 3961 cum
1552 3901 1553 3988 )

358 4007 444 4060 antea
471 3998 603 4060 breviter
631 4004 873 4080 exposuerimus,
903 4018 992 4079 quam
1019 4001 1189 4081 generalem
1217 4001 1345 4064 Romani
1373 4004 1406 4063 in
1432 4000 1473 4060 his
1538 3995 1553 4058 l

358 4100 448 4163 rebus
470 4103 686 4181 imperatorum
710 4109 806 4164 aetate
828 4103 924 4164 secuti
948 4106 1007 4164 sint
1029 4103 1184 4164 rationem.

443 4204 570 4266 Omnino
592 4203 741 4265 Romanos
762 4207 794 4267 in
816 4205 1023 4266 constituendo
1045 4223 1100 4284 per
1123 4221 1271 4283 quamque
1293 4207 1473 4285 provinciam

358 4306 424 4388 inre
446 4306 503 4366 tria
524 4306 658 4368 videmus
679 4308 863 4385 respexisse,
886 4307 1027 4385 propriae
1049 4305 1258 4368 dominationis
1273 4310 1473 4374 securitatem,

358 4406 452 4484 ipsius
474 4409 643 4488 provinciae
665 4426 765 4470 mores
788 4414 817 4468 et
837 4408 988 4478 instituta,
1012 4407 1231 4492 simplicitatem
1253 4416 1284 4470 et
1305 4411 1473 4476 facilitatem
