3148 5160
517 465 602 524 PARS
623 467 654 522 ll.
700 467 805 523 CAPVT
827 468 857 524 ll.
1185 470 1245 532 223

126 632 184 690 iuri
207 629 339 690 dicundo
361 637 529 709 praeerant,
555 640 685 711 apparet,
711 633 831 694 eosdem
854 633 992 694 habuisse
1008 631 1244 696 iurisdictionem

127 732 163 792 de
185 733 224 792 iis
240 731 352 808 rebus,
384 734 458 809 quae
481 733 517 791 ad
541 736 688 794 aerarium
719 736 921 814 pertinebant,
951 737 1027 796 sicut
1053 736 1137 806 inde,
1168 736 1245 815 quod

126 832 239 894 aediles
267 852 383 913 quoque
412 818 707 913 comprehenduntur
738 836 862 915 collegio
891 839 1162 916 quattuorvirorum
1189 839 1247 898 iuri

127 921 268 1005 dicundo,
291 942 431 1014 apparet,
457 955 507 996 eos
531 953 649 1013 quoque
672 937 709 1003 de
732 938 833 999 litibus
856 939 892 999 ad
915 957 1002 999 suum
1025 940 1154 999 officium
1177 958 1245 1018 per·

127 1037 293 1096 tinentibus
314 1039 361 1097 ius
384 1037 502 1098 dixisse.
530 1073 565 1080 —
592 1039 704 1100 Deinde
728 1039 806 1116 quod
822 1047 1092 1101 commemorantur
1108 1040 1247 1101 Narbone

129 1146 159 1199 et
180 1139 299 1199 Arelate
322 1138 569 1219 quinquennales,
594 1139 698 1201 collata
720 1139 786 1218 lege
810 1141 882 1202 lolia
906 1141 1076 1220 municipali
1094 1141 1146 1220 (vr.
1165 1147 1248 1209 83-

127 1245 177 1308 88.
203 1241 381 1320 142-158)
404 1244 523 1310 scimus,
547 1241 771 1303 duumvirorum
795 1245 852 1303 iuri
874 1243 1002 1303 dicundo
1018 1244 1119 1313 fuisse,
1144 1245 1246 1319 quinto

126 1361 246 1422 quoque
269 1361 345 1403 anno
361 1342 538 1404 decuriones
553 1343 663 1420 legere,
688 1362 811 1405 censum
827 1344 930 1424 populi
945 1341 1132 1425 municipalis
1148 1361 1245 1422 agere,

125 1442 242 1504 tabulas
266 1446 418 1504 censorias
438 1445 667 1524 perscribendas
691 1464 804 1516 curare,
829 1448 1010 1525 perscriptas
1026 1446 1248 1524 magistratibus

125 1545 255 1626 publicis
278 1548 403 1607 mittere.
443 1546 524 1617 Quae
540 1548 638 1608 omnia
655 1548 691 1607 ad
707 1547 809 1608 Latina
827 1548 934 1627 oppida
957 1567 1016 1609 non
1041 1551 1140 1609 minus
1155 1551 1247 1628 pcrti-

125 1645 240 1708 nebant
255 1665 342 1724 quam
360 1648 395 1707 ad
412 1647 541 1708 colonias
559 1650 666 1709 civium
684 1648 895 1721 Romanorum,
913 1657 1010 1729 atque,
1030 1652 1145 1710 etiamsi
1161 1652 1246 1727 quin-

126 1748 321 1827 quennalium
338 1769 447 1810 nomen
463 1749 567 1810 inillis
589 1769 648 1811 non
669 1752 775 1820 fuerit,
798 1759 897 1813 tamen
915 1771 1021 1812 census
1038 1752 1141 1813 eodem
1158 1753 1247 1812 modo
1273 1799 1275 1808 ,

124 1851 168 1912 ibi
192 1859 256 1912 erat
277 1851 409 1928 agendus
440 1859 468 1911 et
495 1843 717 1930 magistratibus
746 1853 946 1915 Romanorum
975 1852 1100 1933 publicis
1128 1853 1247 1914 traden-

31 1935 34 1955 ’
126 1954 190 2013 dus.
214 1988 258 1999 -
280 1954 362 2025 Quae
385 1971 452 2014 cum
477 1972 662 2015 summorum
679 1956 907 2031 magistratuum
925 1962 1024 2014 essent
1046 1955 1151 2022 officia,
1177 1954 1246 2030 quid

125 2056 237 2115 restitit
258 2054 509 2116 Nemausensibus
532 2055 590 2115 illis
612 2057 771 2134 praefectis
801 2056 917 2134 vigilum
948 2063 976 2116 et
998 2056 1166 2115 armorum?
1212 2055 1248 2115 llt

124 2158 256 2236 primum
284 2155 403 2232 quidem
432 2159 586 2235 proprium
616 2164 680 2217 erat
707 2159 837 2218 omnium
866 2159 1100 2237 praefectorum,
1132 2163 1248 2215 utnon

126 2264 317 2326 crearentur,
347 2257 398 2316 sed
429 2259 669 2327 nominarentur,
699 2257 806 2318 deindo
834 2266 867 2319 ut
896 2277 955 2318 non
986 2257 1115 2334 collegae
1139 2264 1246 2326 essent,

126 2359 179 2421 sed
198 2358 315 2437 singuli.
351 2359 459 2419 Contra
476 2357 507 2417 bi
524 2359 666 2438 praefecti
687 2339 806 2436 vigilum
830 2379 864 2420 eo
884 2361 1104 2437 distinguuntur
1122 2380 1138 2420 a
1160 2377 1247 2438 prae-

127 2463 215 2522 fectis
230 2479 284 2539 pro
302 2460 466 2528 duumviro,
485 2459 563 2538 quod
583 2478 640 2520 non
659 2461 695 2520 ad
712 2468 828 2540 tempus
844 2464 991 2522 incertum
1006 2461 1245 2530 nominabantur,

127 2563 180 2625 sed
205 2562 282 2622 baud
306 2560 395 2621 dubie
418 2568 468 2622 aut
490 2563 580 2622 annui
603 2570 694 2632 erant,
720 2565 821 2648 autin
844 2562 1013 2642 complures
1036 2581 1129 2624 anuos
1151 2563 1246 2622 uomi-

126 2666 198 2726 nati.
245 2665 383 2724 Ceterum
414 2651 484 2738 lpuiu
513 2663 701 2742 municipalis
729 2664 824 2724 bonor
852 2684 884 2725 ea
914 2682 1033 2744 quicque
1060 2664 1248 2744 praefectura

126 2767 227 2835 fuerit,
251 2784 311 2825 non
333 2772 431 2844 potest
454 2765 590 2833 dubitari,
615 2767 753 2844 quoniam
777 2769 828 2845 qul
847 2769 877 2826 in
894 2765 986 2826 titulis
1002 2784 1050 2825 nu.
1071 2769 1245 2830 120—122.

128 2873 200 2932 124.
226 2871 287 2933 247
311 2873 594 2934 commemorantur,
624 2867 680 2927 boc
703 2886 826 2927 munere
849 2868 1013 2943 funguntur
1034 2867 1112 2924 inter
1134 2865 1248 2926 medios

127 2969 260 3029 bonores
282 2967 486 3047 municipales.
526 2969 561 3027 lt
584 2970 650 3044 qaus
673 2967 790 3028 tandem
815 2969 974 3028 nominavit
997 2985 1048 3026 eos
1062 2965 1247 3044 praefectos?

128 3071 214 3143 Quod
243 3076 277 3130 ut
302 3071 501 3139 inveniamus,
532 3070 568 3129 de
591 3071 705 3146 origine
729 3071 792 3131 cius
815 3069 941 3128 instituti
956 3072 1011 3126 est
1033 3064 1246 3143 quaerendum.

127 3173 181 3234 Est
210 3177 307 3231 autem
335 3173 366 3231 in
395 3173 475 3230 omui
502 3190 535 3230 re
563 3170 694 3232 Romana
723 3171 817 3232 simile
845 3171 1013 3229 institutum
1042 3186 1102 3228 non
1130 3168 1247 3229 obvium

127 3275 187 3334 nisi
208 3274 394 3352 praefectura
415 3278 528 3352 septem
553 3271 718 3333 cohortium
743 3271 871 3350 vigilum,
899 3288 975 3349 quae
998 3269 1129 3330 delectae
1153 3288 1188 3329 ex
1211 3267 1245 3328 li·

128 3375 256 3434 bertinis
279 3371 314 3434 ab
338 3375 469 3452 Augusto
493 3392 570 3433 anno
594 3393 620 3452 p.
647 3373 697 3434 Ch.
716 3378 735 3440 6
757 3375 909 3433 institutae
933 3377 1016 3433 erant
1039 3371 1179 3432 adversus
1201 3372 1246 3430 in·

129 3471 309 3552 cendla¹⁵⁶);
339 3476 449 3554 poterit
476 3476 564 3551 igitur
592 3476 669 3542 fieri,
699 3482 731 3534 ut
759 3477 788 3534 in
818 3474 927 3554 oppido
956 3473 1026 3533 satis
1054 3471 1151 3551 amplo
1180 3477 1249 3551 post

127 3578 333 3655 frequentiora
361 3575 498 3636 incendia
527 3577 587 3635 sive
619 3577 703 3636 iussu
737 3578 797 3636 sive
825 3577 973 3655 permissu
1000 3575 1125 3650 Augusti
1152 3573 1248 3634 simile

127 3681 336 3739 institueretur
359 3678 540 3756 praesidium
563 3683 592 3737 et
620 3679 805 3755 reciperetur
819 3676 904 3736 'inter
926 3677 1062 3736 instituta
1085 3676 1247 3753 municipa-

128 3780 201 3841 lia‘
225 3779 308 3851 Quod
334 3780 358 3838 si
385 3763 424 3839 lta
441 3786 520 3848 erat,
544 3779 608 3837 [ieri
631 3780 740 3857 potuit,
771 3786 803 3837 ut
830 3797 989 3839 numerum
1012 3782 1193 3837 armatorum
1216 3778 1247 3835 in

128 3883 292 3960 municipio
315 3883 453 3941 constitui
475 3883 515 3940 ita
538 3886 652 3940 tantum
674 3881 860 3959 permitteret
881 3883 1046 3956 Augustus,
1071 3885 1104 3937 ut
1125 3895 1247 3955 praeses

126 3983 299 4064 provinciae
323 4000 390 4042 eum
414 3983 595 4051 nominaret,
620 3983 670 4057 qui
692 3980 828 4058 vigilibus
848 3979 907 4040 illis
929 3985 1097 4058 praeesset,
1120 3977 1246 4054 ideoque

129 4085 166 4146 ab
182 4083 241 4144 hoc
256 4083 423 4163 praefectos
443 4089 562 4144 nostros
585 4083 722 4160 suspicor
744 4100 810 4142 esse
832 4082 1008 4142 nominatos.
1043 4079 1143 4140 Liceat
1161 4096 1245 4139 revo-

128 4237 436 4249 ———-—--

197 4321 258 4385 156)
279 4320 355 4371 Suet.
375 4319 474 4370 Octaui.
493 4320 535 4368 25.
548 4321 588 4368 30.
614 4318 667 4368 Dio
686 4320 727 4374 55,
740 4318 781 4367 26.
813 4317 863 4367 cfr.
882 4315 1071 4365 Kellermanni
1088 4313 1185 4364 librum
1205 4315 1246 4364 in-

124 4408 275 4474 scriptum:
294 4404 416 4469 Vigilum
435 4403 617 4454 Romanorum
636 4402 775 4452 latercula
793 4401 856 4455 duo.
882 4401 985 4451 Romae
1005 4401 1078 4451 1837.
