3154 5162
311 473 370 534 112
693 469 775 527 PARS
797 469 816 526 l.
860 467 965 526 GAPV'l'
986 469 1028 526 lll.

309 646 396 700 esset.
409 633 446 716 ²²)
495 639 531 699 At
560 638 611 699 ubi
638 639 767 718 primum
796 639 914 698 transiit
940 636 1014 698 haec
1043 639 1194 700 exercitus
1216 636 1327 708 moles,
1357 656 1426 699 cum

308 742 432 803 Caecina
461 741 532 802 alias
554 739 777 801 Vitellianorum
805 741 906 819 copias
934 759 969 800 ex
999 742 1154 819 superiore
1183 741 1343 802 Germania
1372 760 1426 821 per

307 843 455 904 Helvetios
479 849 508 902 et
529 841 617 921 Alpes
632 843 780 903 Penniuas
801 844 831 903 in
853 841 966 902 ltaliam
989 843 1121 912 duceret,
1145 861 1213 903 cum
1235 842 1344 904 deinde
1361 845 1426 903 uui·

306 947 385 1006 versi
407 943 477 1005 belli
500 950 660 1023 tempestas
682 946 760 1004 circa
783 943 856 1005 Padi
877 946 957 1024 ripas
980 943 1175 1015 conflaretur,
1204 947 1332 1005 interior
1360 947 1425 1022 qui·

307 1047 374 1108 dem
398 1046 490 1107 Gallia
511 1048 570 1106 iam
593 1064 701 1124 expers
724 1052 788 1106 erat
809 1045 949 1125 periculi,
979 1046 1031 1114 sed
1058 1065 1112 1125 por
1140 1065 1222 1108 oram
1244 1048 1425 1108 maritimam

307 1150 405 1209 acrius
428 1154 579 1210 certamen
601 1146 756 1208 videbatur
777 1150 898 1208 instare.

391 1250 467 1311 Dum
497 1252 575 1310 enim
604 1269 640 1310 ex
669 1249 826 1310 Germania
855 1250 1003 1310 exercitus
1035 1251 1082 1310 sui
1109 1252 1224 1328 agmina
1251 1251 1283 1309 iu
1310 1248 1424 1310 ltaliam

307 1352 396 1412 mittit
418 1351 566 1421 Vitellius,
596 1350 675 1412 Otho
703 1353 822 1411 navium
845 1369 901 1430 ope
924 1352 1093 1413 universam
1115 1370 1197 1412 oram
1221 1351 1351 1412 Italicam
1375 1371 1424 1412 us·

307 1469 365 1529 que
388 1452 423 1513 ad
446 1452 562 1532 Alpium
585 1453 700 1513 radices
723 1459 829 1514 teneus
852 1452 1076 1514 Narbonensem
1098 1455 1279 1533 provinciam
1309 1456 1424 1515 amari

306 1556 408 1615 statuit
430 1555 561 1632 aggredi.
607 1555 709 1631 ltaque
732 1553 838 1614 additis
861 1554 948 1615 classi
962 1554 1150 1616 validissimis
1172 1557 1274 1634 copiis
1298 1554 1424 1616 urbanis

306 1648 563 1733 praetorianisque
586 1655 775 1726 cohortibus,
799 1659 942 1718 maiorem
964 1659 1082 1718 navium
1106 1676 1263 1718 nnmerum
1287 1657 1324 1718 ad
1340 1676 1424 1718 oram

306 1755 485 1833 Ligustioam
514 1758 608 1826 misit,
644 1775 719 1835 quae
751 1759 882 1836 primum
910 1758 1032 1837 Alpibus
1061 1759 1215 1820 Maritimis
1242 1760 1421 1838 potirentur.

307 1857 400 1929 Onam
428 1862 664 1940 procuratoriam
692 1861 873 1940 provinciam
902 1878 969 1920 cum
998 1863 1049 1938 qui
1077 1880 1112 1922 eo
1141 1867 1274 1940 tempore
1301 1859 1425 1920 tenebat

305 1959 416 2022 Marius
438 1962 571 2023 Maturus
594 1962 630 2024 ab
654 1961 828 2024 Othonianis
851 1961 1011 2023 defendere
1033 1981 1094 2023 uon
1115 1970 1225 2043 posset,
1248 1960 1425 2023 imminebat

305 2061 363 2122 iam
386 2064 493 2124 inermi
516 2063 754 2125 Narbonensium
783 2082 852 2124 orae
881 2062 984 2124 classis
1011 2062 1130 2125 hostilis
1151 2065 1272 2125 invasio.
1319 2063 1423 2140 ltaque

305 2163 509 2226 advolantibus
537 2165 572 2225 ad
595 2163 720 2227 Fabium
748 2166 974 2243 perterritarum
1005 2165 1189 2227 coloniarum
1216 2165 1322 2242 legatis
1350 2183 1422 2224 con·

305 2283 406 2325 cessae
434 2274 503 2326 sunt
531 2268 663 2343 equitum
692 2264 804 2342 aliquot
832 2274 948 2327 turmae
976 2275 1006 2327 et
1033 2266 1105 2328 levis
1133 2273 1301 2328 armaturae
1330 2284 1421 2344 quae·

305 2365 372 2427 dam
402 2365 554 2437 cohortes,
585 2385 659 2445 quae
692 2369 773 2428 circa
807 2368 918 2429 Forum
953 2367 1020 2429 lulii
1053 2367 1251 2430 consistentes
1277 2369 1421 2429 Othonia·

305 2485 359 2527 nos
382 2467 418 2527 ab
441 2487 492 2529 ora
520 2469 707 2548 impedirent.
753 2470 790 2529 At
818 2488 886 2531 cum
915 2471 1034 2530 interim
1066 2488 1135 2530 suos
1163 2487 1282 2547 quoque
1309 2468 1422 2530 milites

304 2567 399 2629 hostis
422 2569 458 2629 ad
480 2569 559 2630 illam
588 2570 734 2630 coloniam
763 2570 955 2641 admovisset,
984 2578 1085 2632 secuta
1112 2579 1181 2632 suut
1209 2572 1268 2632 duo
1295 2571 1420 2651 proelia,

305 2687 341 2729 ex
364 2669 472 2748 quibus
494 2671 640 2732 Vitelliani
662 2671 783 2749 quidem
805 2673 963 2733 interiores
987 2680 1179 2734 excesserunt
1200 2691 1297 2751 neque
1320 2680 1421 2733 tamen

303 2773 358 2842 ita,
389 2779 422 2832 ut
449 2775 605 2836 incruenta
634 2775 757 2834 victoria
787 2780 816 2832 et
844 2780 945 2852 aperta
979 2775 1148 2854 provinciae
1175 2793 1227 2836 ora
1255 2773 1421 2835 victoribus

303 2881 392 2935 esset.
437 2874 530 2935 Immo
555 2875 701 2936 Vitelliani
724 2893 757 2934 ex
783 2873 864 2936 clade
886 2874 1046 2954 Antipolim
1068 2877 1200 2953 regressi
1227 2875 1301 2936 adeo
1324 2877 1419 2935 mina-

303 2995 368 3038 cem
395 2976 599 3057 praebuernnt
627 2978 772 3056 speciem,
802 2983 835 3037 ut
863 2975 1021 3038 Othoniani
1048 2979 1078 3037 in
1107 2977 1258 3055 Liguriam
1286 2985 1419 3038 reverte·

302 3075 422 3158 rent.²³)
468 3079 576 3140 Secuta
603 3078 710 3138 deinde
739 3084 784 3138 est
810 3095 909 3157 pugna
931 3078 1151 3148 Bedriacensis
1182 3091 1239 3156 qua
1263 3079 1420 3140 Vitelliana

303 3198 407 3240 caussa
429 3181 556 3240 ducibus
571 3180 696 3240 Caecina
719 3185 749 3238 et
773 3179 892 3240 Valente
916 3180 1019 3240 victrix
1042 3186 1106 3240 erat
1128 3187 1157 3240 et
1179 3179 1294 3241 Othone
1319 3183 1418 3241 occiso

303 3280 435 3341 Vitellius
458 3280 539 3341 solus
561 3282 670 3341 restitit
691 3282 861 3360 imperator.

386 3383 495 3442 Verum
519 3388 551 3442 ut
572 3381 706 3459 reliquus
729 3382 810 3442 orbis
832 3382 983 3443 Romanus
1013 3382 1067 3444 hac
1089 3382 1188 3444 Vitelli
1213 3384 1335 3444 victoria
1362 3402 1417 3443 ne-

301 3500 448 3560 quaquam
472 3492 591 3563 pacatus
615 3490 674 3553 est,
704 3483 756 3544 sed
784 3490 848 3544 orta
875 3486 953 3544 inter
975 3483 1123 3544 Vitellium
1151 3490 1181 3545 et
1202 3483 1418 3563 Vespasianum

302 3587 491 3646 contentione
514 3585 611 3647 denuo
633 3586 663 3645 in
686 3587 829 3646 niaximas
851 3584 943 3646 civilis
966 3585 1036 3646 belli
1058 3585 1162 3647 turbas
1185 3588 1351 3656 coniectus,
1373 3588 1417 3646 ita

301 3703 340 3745 ne
366 3685 568 3747 Narbonensis
602 3687 721 3764 quidem
749 3689 901 3766 provincia
927 3689 985 3748 iam
1013 3687 1050 3749 ah
1079 3688 1160 3748 omni
1188 3688 1324 3767 periculo
1352 3697 1419 3749 erat

301 3792 372 3848 tuta.
417 3786 550 3864 Namque
572 3786 681 3849 Fabius
703 3788 824 3858 Valens,
852 3791 904 3865 qui
929 3796 997 3868 post
1023 3807 1153 3868 pugnam
1181 3789 1417 3851 Cremonensem

299 3890 331 3949 in
353 3890 475 3967 regione
491 3887 636 3970 Cisalpina
652 3908 719 3950 curn
742 3889 835 3971 copiis
857 3893 919 3952 suis
940 3898 1019 3951 stare
1041 3909 1100 3951 non
1122 3899 1231 3969 posset,
1256 3891 1417 3954 consilium

300 3992 416 4071 cepite
439 3993 506 4051 sinu
527 3991 633 4052 Pisano
657 3993 801 4072 correptis
831 3991 955 4052 navibus
984 3994 1015 4052 in
1038 3991 1160 4053 Galliam
1188 3991 1418 4056 Narbonensem

299 4093 507 4172 proficiscendi
527 4093 657 4170 indeque
680 4092 787 4155 Gallias
806 4093 1039 4171 Germaniasque
1063 4094 1212 4156 evocandi.
1250 4095 1288 4156 At
1311 4113 1416 4173 quam·

367 4328 409 4393 22)
427 4329 496 4383 Tac.
512 4330 577 4381 hist.
597 4333 625 4397 1,
644 4331 761 4381 62—66.

366 4409 410 4476 23)
429 4413 501 4467 Ibid.
520 4417 544 4480 1,
563 4417 605 4466 87.
627 4417 657 4478 2,
676 4415 786 4468 12-15.
