3148 5160
302 439 363 500 220
688 435 771 491 PARS
795 435 823 490 ll.
861 434 966 491 cleve
990 435 1018 490 ll.

385 602 552 663 Peculiares
574 602 701 682 denique
724 601 857 663 coloniae
872 602 1018 662 Nemauso
1040 608 1110 664 sunt
1130 603 1275 681 praelecti
1298 601 1417 680 vigilum

302 712 521 774 marmorum,
551 707 600 785 qui
628 706 652 766 si
675 723 735 764 non
758 706 928 783 superiores
954 713 1039 766 erant
1061 704 1174 766 honore
1197 707 1418 785 quattuorviris,

300 809 400 887 utique
423 826 482 869 non
506 814 590 867 erant
611 803 843 885 inferiores¹⁵¹),
873 825 999 885 eumque
1027 810 1230 885 magistratum
1252 809 1420 868 invenimus

300 916 358 970 tam
392 911 472 969 iuxta
506 910 724 988 quattuorviros
761 909 820 970 iuri
853 909 979 969 dicundo
1013 911 1073 970 sive
1105 913 1172 971 ante
1205 911 1421 988 Vespasianum

302 1010 361 1090 (nn.
388 1010 564 1091 120-122)
589 1029 676 1091 quam
698 1012 779 1072 iuxta
801 1012 1019 1090 quattuorviros
1047 1010 1084 1073 ab
1113 1013 1227 1072 aerario
1258 1008 1331 1088 (123
1353 1015 1419 1089 sq),

300 1113 435 1175 ultimum
459 1120 556 1174 autem
580 1112 748 1193 exemplum
776 1114 906 1191 pertinet
934 1113 970 1173 ad
999 1120 1125 1174 aetatem
1149 1113 1340 1193 imperatoris
1361 1111 1420 1172 lla-

301 1215 396 1276 driani
422 1214 460 1294 (n.
486 1216 567 1294 2475.
612 1217 648 1276 At
670 1214 707 1274 de
730 1213 836 1275 horum
860 1220 890 1274 et
912 1216 1026 1293 origine
1048 1223 1077 1276 et
1099 1215 1213 1277 honore
1234 1214 1422 1275 commodius

300 1317 377 1377 intra
400 1317 590 1386 disseremus,
614 1316 666 1378 ubi
689 1335 764 1396 quae
785 1317 941 1396 potestatis
963 1319 1040 1378 ratio
1063 1318 1153 1378 luerit
1175 1335 1368 1396 exponemus.

386 1418 427 1478 De
450 1419 669 1496 magistratibus
691 1437 760 1480 vero
777 1435 919 1497 pagorum
939 1419 1137 1499 vicorumque,
1162 1417 1315 1488 aedilibus,
1332 1436 1421 1498 prae-

300 1521 395 1590 lectis,
418 1522 568 1598 magistris
591 1540 678 1600 supra
703 1522 761 1582 iam
784 1519 996 1600 disputavimus
1021 1521 1058 1599 (p.
1085 1519 1165 1600 173).

384 1623 407 1683 Α
430 1622 599 1684 nominibus
621 1623 658 1684 ad
681 1625 736 1684 ius
758 1628 1062 1702 potestatemque
1083 1624 1244 1683 transimus
1262 1625 1422 1700 magistra-

300 1731 382 1784 tuum
405 1723 635 1803 municipalium.
679 1725 770 1785 Erant
785 1730 881 1784 autem
897 1726 927 1785 in
944 1732 1045 1785 nostra
1061 1726 1214 1804 provincia
1235 1743 1297 1785 non
1320 1726 1422 1786 minus

301 1845 387 1907 quam
405 1826 472 1887 alibi
496 1829 617 1887 croatia
639 1826 751 1905 populo
768 1826 932 1904 municipii,
957 1833 1041 1886 erant
1057 1828 1147 1887 annui
1162 1825 1370 1906 collegaeque:
1390 1832 1424 1886 et

300 1929 337 2012 de
355 1928 500 1988 electione
524 1929 640 2008 quidem
657 1947 746 2006 supra
764 1930 892 2006 egimus;
916 1946 1031 1989 annuos
1046 1934 1146 1989 autem
1162 1946 1213 1988 eos
1236 1929 1328 1988 luisse
1351 1928 1422 1988 inde

300 2041 437 2110 apparet,
462 2031 538 2109 quod
563 2039 644 2100 sunt,
673 2033 723 2110 qui
745 2030 881 2091 dicautur
904 2030 1067 2100 duumviri,
1098 2032 1290 2110 quattuorviri
1314 2033 1422 2091 iterum

301 2131 360 2212 (nu.
379 2137 428 2199 23.
447 2129 528 2209 399),
554 2133 681 2210 collegas
697 2133 788 2193 luisse
811 2150 943 2193 summos
959 2133 1148 2209 magistratus
1164 2151 1200 2192 ex
1215 2133 1281 2212 ipso
1298 2133 1421 2192 nomine

300 2241 431 2314 apparet,
456 2233 567 2295 aediles
591 2253 625 2294 ex
649 2234 841 2313 inscriptione
865 2252 893 2294 n.
919 2239 959 2301 88
983 2241 1012 2294 et
1035 2253 1070 2293 ex
1094 2233 1292 2314 appellatione
1316 2233 1421 2295 aedilis

301 2336 446 2396 duumviri
467 2354 495 2396 n.
519 2340 573 2404 27,
602 2343 774 2415 quaestores
797 2354 832 2394 ex
856 2335 1038 2414 reliquorum
1065 2335 1207 2413 graduum
1231 2335 1367 2416 exemplo
1390 2343 1422 2396 et

301 2445 492 2497 externorum
527 2438 755 2515 municipiorum
790 2438 913 2498 ratione.
966 2437 1047 2508 Quae
1077 2439 1175 2498 omnia
1201 2437 1237 2497 ad
1267 2437 1421 2516 exemplar

301 2540 522 2616 magistratuum
551 2539 633 2600 urbis
656 2539 767 2599 Romae
796 2556 862 2599 esse
889 2539 1020 2600 instituta
1043 2557 1130 2599 nemo
1156 2557 1217 2599 non
1238 2539 1337 2608 videt;
1368 2557 1420 2599 ne·

302 2659 357 2719 que
386 2643 483 2701 minus
513 2647 611 2701 certus
640 2641 787 2702 honorum
815 2641 1014 2718 gerendorum
1037 2640 1125 2710 ordo,
1156 2643 1203 2701 cui
1231 2642 1421 2718 magistratus

300 2741 407 2802 urbani
428 2743 593 2822 posteriore
617 2741 728 2803 liberae
750 2741 931 2821 reipublicae
947 2749 1081 2821 tempore
1096 2729 1226 2822 primum
1248 2761 1344 2812 more,
1368 2743 1419 2802 de-

300 2844 369 2904 inde
392 2844 505 2905 aSulla
527 2844 592 2922 lege
617 2851 701 2905 erant
724 2839 923 2924 adstricti¹⁵²),
947 2846 977 2904 in
1000 2845 1160 2924 municipia
1184 2863 1302 2925 quoque
1324 2846 1420 2905 intro·

301 2946 406 3006 (luctus
428 2953 473 3008 est
496 2965 528 3007 ea
552 2945 630 3024 lege,
661 2953 693 3006 ut
715 2947 751 3007 ad
774 2946 992 3007 duumviratum
1015 2965 1074 3006 non
1097 2949 1266 3026 perveniret
1288 2948 1348 3007 nisi
1370 2949 1423 3026 qui

301 3054 385 3109 antea
409 3056 459 3109 aut
481 3055 638 3128 quaestura
661 3055 710 3109 aut
732 3047 879 3109 aedilitate
903 3055 981 3108 esset
996 3049 1122 3118 iunctus,
1146 3050 1196 3128 qui
1219 3054 1315 3108 autem
1337 3054 1421 3108 utro-

302 3168 358 3230 que
386 3151 558 3227 magistratu
594 3151 708 3210 minore
742 3150 830 3210 vellet
857 3150 957 3228 longi,
987 3152 1101 3210 initium
1135 3151 1247 3211 laceret
1279 3169 1296 3210 a
1330 3169 1420 3230 quae·

302 3238 460 3331 stura.¹⁵³)'.
505 3252 607 3330 ltaque
631 3254 744 3313 etiamsi
774 3253 840 3332 quis
862 3253 980 3312 nonnisi
1003 3270 1151 3313 summum
1174 3253 1380 3330 magistratum
1404 3271 1422 3313 a

352 3425 444 3430 ---——
456 3426 461 3429 .
469 3425 605 3432 ..ψ-...-

370 3537 430 3604 151)
450 3538 588 3590 Summum
607 3539 732 3591 coloniae
750 3541 881 3610 honorem
900 3539 986 3590 fuisse
1006 3557 1066 3590 eam
1084 3540 1291 3606 praefecturam
1309 3539 1422 3590 conclu-

303 3623 352 3672 das
372 3639 406 3673 ex
423 3639 449 3678 n.
469 3626 531 3686 126,
556 3626 605 3675 ubi
628 3625 703 3676 solus
726 3626 751 3674 is
774 3625 860 3676 honor
878 3631 1105 3676 commemoratur
1122 3625 1233 3676 scilicet
1249 3627 1281 3673 ut
1299 3639 1421 3675 summus

303 3709 434 3771 omnium;
454 3715 551 3760 contra
564 3711 592 3759 in
604 3726 630 3759 n.
646 3713 694 3760 123
707 3709 838 3761 honorum
851 3710 915 3760 ordo
928 3709 1079 3774 procedere
1090 3710 1200 3760 videtur
1213 3725 1229 3759 a
1241 3709 1422 3774 praefectura

301 3792 416 3857 vigilum
433 3809 484 3858 per
502 3795 752 3859 quattuorviratum
770 3795 805 3844 ab
820 3796 928 3844 aerario
943 3794 978 3844 ad
989 3795 1194 3860 praefecturam
1207 3793 1280 3858 alae,
1299 3793 1421 3856 denique

303 3878 338 3928 ad
357 3877 534 3930 allectionem
552 3880 625 3930 iuter
642 3879 804 3945 praetorios.

370 3962 429 4026 152)
449 3963 506 4013 Cfr.
525 3964 635 4029 Lange,
654 3964 747 4016 Roem.
766 3963 885 4014 Alterth.
905 3965 928 4027 1,
948 3980 974 4029 p.
993 3966 1043 4014 600
1061 3979 1101 4028 sq.

371 4048 429 4124 153)
449 4047 507 4100 Ofr.
525 4064 588 4113 app.
607 4065 634 4097 n.
653 4050 703 4100 268
721 4051 750 4098 et
767 4048 925 4112 formulam,
950 4063 1003 4113 qua
1021 4048 1150 4098 dicuntur
1167 4047 1293 4098 omnibus
1311 4047 1422 4098 honori-

302 4133 352 4182 bus
374 4132 403 4181 in
427 4133 520 4197 patria
543 4147 593 4182 aua
618 4134 708 4183 functi
731 4148 792 4184 esse
814 4149 860 4183 nn.
885 4135 987 4184 17.18.
1011 4134 1070 4182 118.
1091 4135 1139 4183 119
1158 4137 1224 4195 ete.;
1249 4133 1299 4182 cfr.
1319 4131 1421 4182 deinde

303 4233 363 4266 eum
381 4218 427 4282 qui
446 4233 462 4266 a
482 4221 630 4285 quaestura
648 4218 761 4268 transiit
779 4217 814 4268 ad
833 4217 1080 4283 quattuorviratum
1103 4233 1129 4268 n.
1150 4220 1197 4268 132
1222 4233 1281 4267 eum
1301 4233 1347 4281 eo,
1371 4219 1422 4282 qui

304 4318 337 4350 ex
360 4301 505 4352 aedilitate
527 4307 625 4352 nactus
650 4308 693 4354 est
716 4302 918 4352 duumviratum
941 4304 990 4353 326
1000 4317 1025 4352 a.
1050 4329 1082 4338 -
1106 4301 1138 4354 L.
1158 4305 1188 4350 11
1207 4302 1271 4367 Dig.
1291 4301 1327 4351 ad
1344 4316 1419 4351 mun.

304 4385 354 4448 (50,
373 4383 414 4450 tl:
434 4393 458 4434 ut
470 4389 598 4451 gradatim
610 4389 719 4438 tonores·
732 4388 883 4450 deferantur
896 4388 992 4447 edicto,
1011 4395 1037 4438 et
1050 4393 1077 4437 ut
1089 4404 1105 4436 o
1116 4387 1251 4438 vraiuorr'bua
1264 4388 1300 4436 ud
1309 4387 1421 4436 auctores
