3184 5162
618 493 818 552 rnoottttvtt.
1235 496 1276 560 29

156 659 229 721 alios
252 661 295 730 vi,
326 662 451 739 pecunia
474 661 548 722 alios
570 661 715 722 obnoxios
738 661 794 722 sibi
816 660 989 722 reddidisse.
999 658 1035 740 ⁸⁷)
1080 662 1175 735 Quam
1197 663 1275 723 inter

157 761 336 831 Cebennam,
361 759 546 831 Rhodanum,
571 781 653 823 oram
677 771 707 822 et
723 764 909 843 Pyrenaeum
930 765 1085 840 regionem
1109 771 1168 824 tam
1189 765 1273 842 igno·

157 871 213 924 tam
237 865 331 924 luisse
353 863 459 924 iisdem
481 863 689 944 scriptoribus,
715 867 774 943 qui,
799 872 832 926 ut
853 863 993 944 Polybius
1015 873 1045 924 et
1066 865 1273 944 Apollodorus,

155 965 287 1033 Aeduos,
315 967 478 1034 ArvernoS,
505 965 575 1027 alias
602 967 837 1027 mediterraneae
862 965 972 1027 Galliae
998 975 1101 1044 gentes
1128 983 1272 1044 cognove-

157 1065 284 1146 rant⁸⁸),
309 1067 395 1138 lacile
418 1067 625 1146 explicaveris,
649 1070 772 1148 siquae
796 1075 858 1129 tum
882 1070 1053 1128 commercii
1074 1070 1149 1129 ratio
1171 1071 1202 1127 in
1224 1067 1274 1129 illa

155 1169 278 1244 regione
301 1170 399 1236 luerit,
425 1169 628 1246 perpenderis.
674 1170 770 1248 Supra
791 1171 926 1239 vidimus,
951 1171 1071 1231 divisam
1094 1188 1159 1230 eam
1181 1171 1274 1230 luisse

155 1270 184 1327 in
207 1269 282 1329 duas
306 1277 419 1348 partes,
444 1289 479 1330 ex
503 1270 612 1350 quibus
635 1289 693 1331 una
716 1272 837 1332 Graecis
858 1273 889 1332 in
912 1263 1050 1351 Hispania
1073 1271 1197 1332 coloniis
1219 1271 1271 1331 ob-

155 1373 241 1431 noxia
266 1381 339 1440 erat,
364 1370 454 1432 altera
478 1371 726 1440 Massiliensibus;
751 1393 810 1451 quo
833 1375 941 1434 lactum
966 1380 1019 1442 est,
1044 1381 1076 1433 ut
1097 1375 1155 1434 iter
1178 1365 1278 1434 conti-¹

154 1489 247 1531 nuum
276 1491 335 1551 quo
364 1480 546 1534 mercatores
573 1480 636 1533 tum
666 1474 702 1534 ab
730 1474 853 1553 Alpibus
883 1475 918 1535 ad
947 1456 1115 1554 Pyrenaeos
1143 1494 1272 1541 comme·

154 1585 255 1642 arent,
277 1592 335 1634 non
354 1581 484 1642 extaret:
503 1576 638 1652 quivero
661 1594 697 1635 ex
713 1575 795 1636 ltalia
809 1578 841 1636 in
857 1577 1027 1655 Hispaniam
1044 1576 1271 1654 proficisceban-

154 1683 219 1744 tur,
245 1675 369 1736 navibus
391 1675 488 1745 ibant,
518 1679 589 1756 quin
617 1677 746 1737 Romani
775 1697 908 1756 quoque,
938 1686 1094 1757 postquam
1122 1679 1272 1757 provincia

153 1777 229 1837 lacta
254 1784 299 1837 est
320 1777 471 1854 Hispania,
494 1796 549 1857 per
572 1797 654 1839 mare
678 1798 796 1858 semper
825 1799 860 1839 eo
884 1799 916 1840 se
940 1780 1143 1840 conterebant.
1181 1779 1270 1840 Prae·

152 1884 235 1938 terea
259 1897 298 1938 ne
320 1886 504 1939 mercatores
533 1873 650 1956 quidem
674 1880 873 1942 Massilienses
903 1901 956 1960 per
983 1880 1098 1958 singula
1121 1880 1271 1940 Gallorum

155 1981 264 2059 oppida
281 1980 496 2050 commeabant,
520 1981 573 2042 sed
596 1983 668 2043 satis
690 1982 848 2052 habebant,
872 1981 1021 2050 Narbone,
1045 2000 1120 2060 quae
1142 1984 1198 2060 ipsi
1221 2001 1271 2060 ap-

156 2089 321 2160 portarant,
347 2082 486 2152 vendere,
509 2101 586 2160 quae
602 2082 685 2152 Galli,
711 2102 820 2143 emere.
867 2082 965 2144 Nihilo
981 2101 1051 2143 vero
1066 2084 1165 2142 minus
1186 2082 1270 2142 dum·

152 2183 241 2243 modo
266 2183 301 2243 ad
325 2182 489 2263 supplenda
512 2204 579 2244 rara
601 2185 781 2263 scriptorum
808 2187 975 2247 testimonia
1004 2202 1140 2245 nummos
1163 2183 1270 2244 auxilio

153 2303 307 2355 vocemus,
331 2304 392 2346 non
415 2287 496 2345 omni
519 2304 656 2346 caremus
684 2286 720 2346 de
742 2285 821 2346 illius
844 2289 948 2347 aetatis
971 2285 1064 2346 Gallia
1085 2285 1271 2346 meridionali

153 2388 265 2446 notitia.
310 2393 406 2465 Atque
429 2394 462 2447 ut
487 2388 608 2472 inverso
636 2387 740 2448 ordine
768 2407 784 2447 a
811 2389 970 2467 Pyrenaeis
998 2389 1057 2448 iam
1083 2389 1269 2466 incipiamus

153 2489 237 2547 mitto
260 2490 391 2566 primum
413 2490 544 2549 incertus
566 2487 634 2548 illos
656 2488 933 2566 Longostaletorum
959 2508 1112 2559 nummos,
1137 2491 1197 2566 qui,
1221 2507 1268 2548 re·

152 2590 231 2666 perti
253 2608 347 2668 prope
371 2589 524 2659 Tolosam,
556 2597 585 2650 et
607 2591 727 2650 Graecis
751 2590 856 2651 litteris
879 2593 1015 2669 inscripti
1038 2599 1107 2652 sunt
1129 2597 1159 2650 et
1182 2589 1270 2650 Celti·

153 2689 261 2750 bericis
284 2690 380 2752 atlltuc
402 2711 462 2751 non
486 2691 647 2770 explicatis
672 2711 727 2771 pro
750 2699 819 2752 nota
840 2703 939 2751 autem
962 2692 1073 2753 babent
1089 2699 1177 2770 caput
1192 2692 1268 2752 bler-

153 2794 226 2851 curii
234 2789 282 2870 ⁸⁹),
306 2794 391 2852 mitto
414 2810 533 2871 quoque
554 2794 731 2853 incertiores
750 2795 838 2854 etiam
854 2811 992 2853 nummos
1006 2792 1178 2853 Libicorum
1193 2792 1269 2853 blas·

152 2892 322 2955 siliensibus
344 2894 463 2973 quidem
489 2895 566 2954 uotis
595 2894 702 2954 littoris
728 2901 827 2955 autem
851 2893 1035 2955 Celtibericis
1057 2895 1203 2970 insignes,
1233 2893 1270 2952 de

152 2995 259 3072 quibus
282 3013 319 3056 ne
341 2995 371 3055 id
393 2997 512 3074 quidem
536 3002 665 3064 constat,
691 2994 742 3055 ubi
762 2997 876 3072 reperti
899 2993 1019 3069 sint⁹⁰);
1043 2995 1147 3054 insisto
1170 2995 1270 3072 potius

151 3097 180 3155 in
212 3115 246 3157 ea
275 3096 434 3157 Volcarum
462 3104 563 3176 parte,
594 3114 669 3173 quae
698 3096 931 3157 Massiliensibus
960 3103 1024 3156 erat
1051 3096 1187 3156 obnoxia.
1233 3095 1270 3156 Et

151 3199 306 3258 universae
330 3199 449 3277 quidem
474 3199 631 3259 Volcarum
654 3199 752 3275 gentis
775 3200 888 3259 nummi
910 3200 960 3278 qui
983 3207 1051 3259 ante
1066 3198 1268 3259 Romanorum

151 3307 277 3360 aetatem
301 3300 407 3377 signati
430 3301 503 3369 siut,
528 3319 587 3360 non
611 3307 726 3367 extant;
757 3319 824 3359 nam
848 3318 923 3380 qnos
946 3299 1089 3361 babemus
1113 3299 1268 3360 Volcarum

151 3402 393 3462 Arecomicorum
417 3421 568 3471 nummos,
597 3403 618 3460 ii
644 3400 740 3462 latinis
768 3401 874 3463 litteris
903 3410 973 3463 sunt
998 3397 1188 3492 inscriptum)
1232 3403 1270 3462 At

217 3586 264 3652 87)
287 3587 385 3652 Polyb.
405 3590 451 3650 34,
472 3590 504 3638 10
521 3587 607 3640 Beck.
627 3585 676 3650 (Ξ
694 3587 792 3640 Athen.
811 3605 837 3653 p.
857 3591 920 3652 332,
940 3588 987 3651 A).
1023 3580 1164 3652 Πολύβιος
1187 3581 1218 3639 ἐν
1235 3585 1269 3652 τῇ

151 3663 269 3737 τετάρτῃ
287 3669 337 3723 καὶ
355 3669 508 3737 τριακοστῇ
525 3669 581 3722 τῶν
594 3665 725 3739 ἱστοριῶν
737 3665 809 3738 μετὰ
826 3664 878 3737 τὴν
891 3667 1029 3739 Πυρήνην
1048 3670 1137 3738 φησὶν
1155 3665 1206 3730 ἕως
1218 3670 1269 3722 τοῦ

152 3748 308 3820 Νάρβωνος
326 3755 456 3820 ποταμοῦ
478 3753 582 3807 πεδίον
601 3751 692 3820 εἶναι,
716 3749 758 3808 δι’
782 3743 817 3808 orl
835 3752 978 3826 φέρεσθαι
995 3750 1143 3824 ποταμοὺς
1156 3747 1268 3821 Ἰλλίβε-

151 3857 196 3903 ριν
213 3831 432 3905 καὶῬόσκνδον,
449 3834 567 3905 ρ’έοντας
585 3835 664 3904 παρά
677 3838 774 3902 πόλεις
792 3835 961 3907 ὁμωνύμους
974 3837 1200 3907 κατοικουμένας
1211 3833 1267 3892 ὑπὸ

151 3923 272 3975 Κελτῶν.
308 3928 337 3987 3,
355 3928 397 3974 41.
415 3915 541 3990 Ἀννίβας
559 3920 592 3976 δὲ
610 3919 780 3991 παραδόξως
798 3919 864 3986 τοὺς
882 3921 935 3992 μὲν
953 3919 1076 3991 χρήμασι
1093 3926 1195 3984 πείσας
1212 3923 1268 3976 τῶν

150 4007 263 4060 Κελτῶν
280 4004 347 4067 τοὺς
366 4004 398 4060 δὲ
417 4001 589 4075 βιασάμενος
611 3999 664 4075 ἧκε
686 4008 759 4074 μετά
782 4009 837 4061 τῶν
855 4006 1008 4074 δυνάμεων
1031 4003 1128 4072 δεξιὸν
1147 4005 1218 4075 ἔχων
1235 4001 1268 4060 τὸ

151 4086 313 4158 Σαρδόνιον
330 4089 454 4158 πέλαγος
473 4086 520 4145 ἐπὶ
538 4086 592 4159 τὴν
608 4092 659 4145 τοῦ
672 4085 808 4146 Ῥοδανοῦ
826 4088 972 4160 διάβασιν.

216 4179 259 4239 88)
280 4178 336 4228 cfr.
356 4179 503 4243 Porbiger,
523 4179 586 4229 Alte
605 4178 706 4243 Geogr.
726 4182 749 4243 1,
768 4182 827 4228 214.
847 4179 897 4229 240
915 4193 954 4242 sq.

217 4263 261 4327 89)
281 4264 323 4312 De
343 4263 370 4312 la
389 4263 527 4327 Saussaye
546 4280 571 4328 p.
593 4259 733 4312 186-192·

216 4345 264 4412 oo)
282 4345 351 4397 tata.
370 4363 396 4412 p.
416 4350 525 4398 sn-oa.

216 4428 264 4495 91)
282 4430 351 4482 ibid.
368 4447 395 4496 p.
415 4432 464 4482 148
481 4447 521 4495 aq.
