3184 5162
303 439 321 498 6
763 435 960 492 Paconium.

303 603 468 664 eruendum
493 610 551 671 est,
582 611 680 663 tamen
708 621 769 662 non
797 609 896 682 potest
923 620 989 662 esse
1017 603 1156 672 dubium,
1186 605 1257 680 quin
1280 603 1368 664 lateat
1390 605 1422 665 in

302 705 348 766 his
370 704 477 765 sabulis
506 723 574 766 vera
602 703 699 782 aliqua
728 703 859 764 historia.
911 703 1057 764 Referunt
1085 705 1233 768 Diodorus
1261 703 1420 784 Siculus²¹)

303 814 333 866 et
355 808 512 888 Dionysius
534 802 857 882 llalicarnasserrsis²²)‚
881 805 1041 868 Herculem
1062 806 1132 867 inde
1155 827 1171 868 a
1192 807 1300 868 linibus
1315 807 1421 885 Hispa·

303 911 369 970 niae
392 927 511 970 omnem
540 911 630 970 maris
659 908 870 969 mediterranei
899 927 980 969 oram
1009 912 1244 988 permigrantem
1266 927 1303 968 ex
1326 908 1422 969 iberia

302 1011 478 1089 pervenisse
506 1013 537 1070 in
566 1010 688 1072 Galliam
717 1009 899 1087 sublatisque
929 1012 1023 1072 saeris
1044 1012 1253 1090 indigenarum
1274 1009 1420 1078 moribus,

303 1113 417 1174 sublata
441 1115 607 1191 potentium
629 1112 785 1193 tyrannide
809 1119 838 1171 et
860 1112 974 1173 crudeli
988 1116 1164 1192 peregrinos
1180 1112 1334 1174 occidendi
1349 1131 1421 1172 con·

304 1216 462 1277 suetudine
485 1215 521 1276 ad
543 1215 750 1276 humaniorem
773 1216 849 1275 vitae
872 1214 995 1284 cultum,
1018 1215 1055 1275 ad
1070 1218 1151 1296 pacis
1167 1223 1256 1285 artes,
1281 1215 1317 1275 ad
1340 1233 1421 1276 com-

304 1337 424 1379 munem
447 1320 478 1378 in
501 1316 627 1377 urbibus
649 1318 737 1377 vitam
759 1315 894 1377 homines
915 1318 1094 1388 instituisse,
1120 1320 1191 1395 quin
1214 1319 1302 1378 etiam
1324 1318 1423 1396 ipsum

305 1421 336 1481 in
359 1420 465 1480 mediis
493 1416 595 1478 Galliis
617 1419 745 1479 Alesiam
770 1418 874 1478 urbem
903 1419 1086 1489 condidisse,
1116 1437 1192 1498 quae
1219 1419 1256 1480 ab
1281 1419 1331 1478 illa
1352 1418 1423 1478 inde

305 1529 401 1582 aetate
424 1540 480 1601 pro
506 1527 695 1581 sacrosancta
723 1519 799 1580 urbe
828 1527 857 1579 et
884 1521 1043 1600 metropoli
1071 1520 1181 1582 Galliae
1208 1520 1245 1581 ab
1275 1520 1424 1598 indigenis

304 1623 403 1684 habita
432 1626 478 1684 sit.
529 1622 643 1693 Quibus
671 1624 799 1701 peractis
829 1641 897 1683 cnm
923 1625 953 1682 in
983 1623 1094 1684 ltaliam
1124 1623 1269 1684 Hercules
1297 1639 1424 1702 pergere

306 1725 447 1795 voluerit,
476 1742 571 1805 prope
599 1722 689 1802 Alpes
718 1725 748 1783 in
770 1723 895 1801 Ligures
924 1743 992 1785 eum
1013 1725 1168 1795 incidisse,
1197 1727 1249 1804 qui
1277 1725 1423 1801 denegato

305 1847 358 1907 per
375 1846 445 1888 suos
461 1827 535 1886 lines
551 1827 678 1886 transitu
694 1833 806 1887 armata
821 1845 910 1887 manu
925 1828 982 1887 iter
998 1829 1061 1888 eius
1076 1828 1222 1907 impedire
1239 1828 1299 1887 sint
1314 1827 1422 1894 conati,

304 1929 493 1990 dimicantem
509 1946 579 1987 vero
596 1935 697 1988 contra
715 1947 765 1988 eos
782 1947 849 1988 cum
873 1928 1130 1999 tela'delecerint,
1154 1928 1190 1989 ab
1204 1931 1340 1988 invocato
1355 1927 1423 1987 love

304 2031 400 2091 imbre
417 2030 546 2110 lapidum
564 2047 629 2090 esse
645 2030 788 2100 adiutum,
808 2031 916 2108 quibus
932 2049 988 2110 pro
1007 2031 1074 2092 telis
1089 2038 1178 2092 utens
1192 2032 1299 2110 impios
1321 2029 1424 2091 hostes

304 2133 458 2211 fugaverit.
491 2133 528 2194 Et
544 2129 616 2192 haec
632 2132 749 2211 quidem
767 2133 803 2192 de
819 2132 915 2193 imbre
930 2132 1061 2212 lapidum
1076 2131 1189 2201 sabula,
1208 2150 1295 2210 quam
1310 2130 1346 2192 ab
1365 2133 1422 2192 Ae·

305 2232 405 2313 schylo
427 2235 458 2293 in
481 2232 659 2295 Prometheo
682 2234 779 2294 soluto
803 2240 956 2294 tractatam
979 2253 1044 2295 esse
1071 2234 1191 2296 tradunt
1211 2235 1367 2314 Dionysius
1394 2241 1425 2293 et

305 2331 465 2412 Strabo²³),
488 2334 647 2394 admodum
668 2336 736 2395 trita
758 2334 873 2394 ridetur
893 2335 987 2396 luisse
1010 2335 1088 2416 apud
1110 2337 1273 2415 scriptores
1294 2343 1422 2404 veteres

304 2437 422 2496 inventa
446 2434 574 2505 scilicet,
599 2442 632 2495 ut
654 2437 751 2515 campi
772 2435 865 2506 illius,
890 2437 941 2514 qui
962 2439 1041 2498 inter
1056 2436 1213 2499 Massiliam
1230 2444 1259 2497 et
1273 2437 1424 2498 Arelatem

304 2538 380 2597 situs
399 2538 514 2613 ingenti
535 2536 667 2616 lapidum
691 2538 769 2598 molo
793 2544 886 2598 scatet
914 2546 944 2599 et
964 2539 1052 2600 bodie
1074 2541 1182 2601 dicitur
1201 2541 1310 2616 edamp
1332 2541 1369 2598 de
1392 2543 1425 2600 la

306 2640 396 2708 droa,
412 2640 487 2716 ratio
505 2639 712 2718 explicaretur.
743 2639 847 2700 Omnis
862 2657 932 2701 vero
951 2641 987 2702 de
999 2642 1137 2703 Herculis
1156 2650 1185 2703 et
1196 2660 1251 2721 per
1263 2660 1346 2702 oram
1359 2659 1423 2701 ma-

305 2742 433 2801 ritimam
450 2748 479 2800 et
496 2760 550 2820 per
569 2743 728 2802 interiores
747 2747 844 2803 terras
861 2743 1018 2804 itineribus
1038 2746 1168 2804 narratio
1185 2743 1255 2822 quid
1279 2743 1425 2822 significet

305 2842 410 2904 melius
432 2841 596 2920 intellegas,
621 2845 646 2903 si
668 2845 787 2904 coniers
804 2863 880 2924 quae
895 2844 1021 2922 legimus
1042 2848 1074 2905 in
1091 2845 1167 2906 libro
1183 2845 1232 2905 illo
1250 2844 1286 2904 de
1301 2845 1423 2905 mirabi-

306 2946 383 3006 libus
406 2944 680 3015 auscultationibus,
705 2947 755 3023 qui
770 2946 937 3007 Aristotelis
960 2965 1026 3007 esse
1042 2943 1201 3026 dicitur.²⁴)
1239 2947 1320 3006 Viam
1344 2948 1424 3006 enim

307 3067 372 3110 esse
396 3049 490 3109 resert
513 3050 576 3109 eius
598 3047 668 3108 libri
690 3055 808 3116 auctor,
839 3065 875 3107 ex
897 3048 978 3109 ltalia
1006 3050 1038 3109 in
1061 3046 1183 3109 Galliam
1207 3047 1365 3108 ducentem
1388 3049 1424 3108 ad

307 3148 504 3226 Celtoligures
521 3150 682 3219 oliberes,
707 3167 782 3226 quae
805 3149 970 3228 appelletur
990 3151 1035 3209 via
1050 3149 1198 3210 Herculis.
1237 3149 1300 3220 Qua
1316 3151 1341 3210 si
1356 3151 1425 3228 quis

307 3251 367 3309 sive
390 3250 574 3310 Graecorum
598 3251 659 3310 sive
681 3250 887 3328 indigenarum
907 3257 1067 3320 commeet,
1092 3269 1160 3310 eum
1175 3253 1231 3311 iter
1252 3251 1352 3310 iacere
1367 3251 1424 3310 sub

307 3349 399 3410 tutela
423 3349 606 3420 accolarum,
636 3353 686 3431 qui
714 3373 815 3413 eruam
838 3359 939 3431 agant,
969 3359 1002 3413 ut
1024 3369 1127 3413 secura
1152 3354 1190 3413 sit
1210 3352 1422 3430 peregrinatio,

305 3458 394 3528 atque
417 3471 469 3512 eos
497 3471 594 3531 poena
622 3455 764 3524 alliciant,
797 3456 983 3531 inquorum
1011 3453 1119 3515 finibus
1149 3454 1255 3514 iniuria
1282 3453 1358 3513 iacta
1387 3455 1427 3514 sit

306 3555 418 3613 viatori.
465 3553 547 3624 Quae
570 3554 707 3615 Herculis
730 3557 774 3616 via
797 3563 827 3616 et
846 3573 902 3635 per
916 3555 1059 3616 barbaras
1080 3562 1185 3632 gentes
1200 3555 1336 3632 migratio
1351 3555 1424 3633 quid

371 3720 415 3786 21)
434 3721 515 3770 Diod.
533 3724 562 3780 4,
583 3726 622 3773 1e.

371 3804 417 3871 ee)
435 3805 515 3858 Dion.
533 3807 597 3861 arar.
619 3810 646 3872 1,
665 3809 706 3860 41.

372 3888 416 3954 23)
436 3889 536 3940 Strabo
553 3892 583 3954 4,
603 3908 629 3956 p.
651 3893 707 3946 183.

372 3974 416 4040 24)
435 3974 477 4023 De
496 3975 594 4024 mirab.
619 3977 768 4027 auscultat.
793 3994 815 4027 e.
835 3978 881 4027 86:
902 3967 948 4028 'Ea
971 3975 1020 4040 τῆς
1042 3965 1161 4034 Ἰταλίας
1185 3973 1275 4040 φασὶν
1298 3971 1350 4034 ἕως
1372 3975 1425 4042 τῆς

304 4056 442 4123 Κελτικῆς
466 4056 515 4110 καὶ
538 4053 735 4126 Κελτολιγύων
761 4060 811 4113 καὶ
832 4054 948 4128 Ἰβήρων
977 4055 1057 4111 εἷναί
1078 4078 1142 4111 τινα
1165 4049 1234 4110 ὁδὸν
1252 4050 1425 4124 Ἡράκλειαν

305 4142 496 4211 καλουμένην·
516 4137 558 4194 δι’
577 4131 611 4210 ἧς
630 4137 682 4197 dola
700 4137 853 4212 τεἝλλην,
873 4138 924 4196 loir
943 4161 972 4195 τε
992 4136 1123 4210 ingelarde
1136 4161 1177 4204 τις
1189 4136 1356 4209 πορεύηται,
1375 4161 1424 4210 τη-

304 4229 421 4292 ρεῖσθαι
434 4217 489 4281 ὑπὸ
502 4228 557 4280 τῶν
574 4223 797 4296 παροικούντων,
818 4221 893 4288 ὅπως
910 4223 1004 4294 μηδὲν
1016 4219 1156 4294 ἀδικηθῇ.
1173 4221 1226 4293 τὴν
1244 4221 1298 4294 γάρ
1317 4228 1425 4294 ζημίαν
1525 4264 1527 4272 .

305 4305 436 4376 ἐκτίνειν,
455 4305 528 4364 καθ’
548 4303 597 4373 οὓς
615 4315 730 4382 γίνηται
754 4307 785 4365 τὸ
805 4305 943 4378 ἀδίκημα.
975 4314 1025 4363 cfr.
1049 4315 1152 4372 Ritter,
1176 4312 1308 4363 Vorhalle
1327 4328 1421 4379 europ.

304 4395 503 4464 V'dlkergesch.
522 4415 548 4463 p.
568 4403 626 4450 361.
