3184 5162
337 474 356 538 2
794 475 995 535 PROOEllll'll.

335 644 416 705 illam
438 651 550 705 terram
572 642 707 713 Romani,
731 663 807 724 quae
821 643 939 724 publica
956 643 1177 705 introduxerint
1197 645 1340 712 instituta,
1364 662 1452 722 quem

337 765 454 808 morum
466 743 588 815 cultum,
602 744 709 807 melius
720 746 750 806 id
766 747 984 824 intellegemus,
1001 749 1026 808 si
1038 748 1169 826 priorem
1184 746 1272 807 buius
1283 747 1453 826 provinciae

337 855 444 910 statum
468 847 597 909 breviter
620 853 704 908 antea
727 852 1017 927 pertractaverimus.
1062 848 1196 918 Accedit,
1226 848 1305 927 quod
1333 867 1370 908 nc
1393 847 1452 908 Ro·

336 953 431 1012 manis
454 949 588 1027 quidem,
620 967 678 1027 quo
700 957 836 1030 tempore
862 953 920 1032 ipsi
946 954 1076 1032 primum
1103 956 1188 1011 trans
1209 949 1298 1029 Alpes
1325 951 1451 1020 iverunt,

335 1055 465 1132 primurn
488 1070 556 1112 cum
579 1051 782 1132 Transalpinis
810 1072 860 1113 res
882 1055 950 1122 luit,
978 1060 1012 1113 ut
1040 1055 1090 1130 qui
1118 1062 1147 1113 et
1174 1052 1279 1130 longae
1306 1053 1452 1112 amicitiae

336 1153 551 1216 consuetudine
577 1154 670 1216 iuncti
698 1163 797 1215 essent
825 1154 1059 1216 Massiliensibus
1087 1162 1117 1215 et
1144 1162 1268 1234 propter
1295 1154 1453 1233 Hispaniae

335 1258 506 1336 provinciae
528 1257 706 1318 vicinitatem
730 1256 839 1316 iudea
866 1255 945 1316 bello
968 1255 1080 1318 Punico
1103 1255 1274 1317 Hannibalis
1296 1255 1451 1324 haberent,

337 1359 417 1438 quod
440 1358 477 1418 ad
500 1377 569 1419 eum
592 1363 734 1428 tractum,
764 1359 817 1434 qui
838 1357 954 1419 medius
980 1359 1106 1419 interest
1127 1359 1205 1419 inter
1227 1357 1399 1436 Hispaniam
1423 1364 1452 1416 et

335 1461 458 1530 ltaliam,
483 1459 585 1520 oculos
608 1466 825 1521 converterent.
864 1459 966 1539 ltaque
986 1459 1042 1520 hac
1064 1477 1183 1538 quoque
1206 1478 1310 1520 caussa
1333 1459 1452 1519 adduci-

335 1582 418 1633 mur,
448 1569 482 1622 ut
509 1564 684 1640 priusquam
711 1563 810 1640 ipsum
838 1560 926 1631 illud,
961 1561 1041 1641 quod
1068 1563 1256 1642 propositum
1284 1562 1370 1621 nobis
1398 1569 1451 1628 est,

337 1664 486 1733 adeamus,
511 1681 586 1740 quae
609 1665 646 1723 de
669 1665 873 1740 antiquissima
896 1663 1006 1725 Galliae
1028 1663 1228 1724 meridionalis
1251 1662 1372 1722 historia
1388 1681 1449 1721 me-

337 1768 449 1827 moriae
470 1766 576 1826 tradita
600 1773 683 1834 sunt,
706 1764 763 1825 hoc
786 1765 851 1825 loco
873 1763 1053 1842 colligamus
1146 1781 1148 1785 ’

421 1868 597 1944 Quicunque
625 1873 757 1927 veterum
786 1874 941 1927 auctorum
971 1867 1008 1927 de
1035 1868 1250 1944 antiquissimis
1272 1866 1383 1927 Galliae
1406 1868 1450 1926 in·

337 1970 410 2030 colis
432 1971 629 2049 scripserunt,
652 1971 857 2038 consentiunt,
881 1987 936 2046 per
959 1987 1042 2029 oram
1064 1970 1252 2038 maritimam,
1276 1986 1352 2046 quae
1374 1969 1452 2028 inter

336 2073 506 2150 Hispaniam
524 2078 553 2132 et
567 2069 680 2130 Italiam
696 2078 751 2140 est,
775 2076 844 2131 ante
860 2070 956 2131 Celtas
972 2069 1121 2130 habitasse
1138 2070 1272 2150 Ligyes
1296 2073 1356 2132 sive
1373 2070 1450 2148 quod

337 2174 459 2234 latinum
474 2190 578 2232 eorum
593 2190 703 2232 nomen
720 2179 765 2232 est
779 2170 946 2250 Ligures.
974 2172 1075 2250 ltaque
1091 2180 1124 2232 nt
1140 2173 1314 2251 posterioris
1331 2172 1451 2250 quidem

337 2276 440 2336 aetatis
463 2275 624 2353 scriptores
646 2273 846 2352 geographici,
869 2273 921 2333 ubi
935 2274 1063 2351 populos
1079 2281 1210 2334 extrema
1235 2281 1383 2335 terrarum
1398 2273 1451 2333 ob·

337 2378 466 2436 tinentes
480 2382 648 2443 recensent,
672 2376 826 2435 nominant
844 2373 1012 2452 Aethiopes,
1036 2374 1132 2443 lndos,
1158 2374 1290 2455 Scythas,
1315 2375 1411 2436 Celtas
1421 2373 1450 2454 ¹),

294 2467 297 2482 '
335 2480 376 2538 ita
397 2473 574 2556 Hesiodus2)
604 2476 731 2537 testibus
753 2474 949 2536 Eratosthene
979 2483 1008 2535 et
1035 2475 1180 2537 Strabone
1209 2478 1369 2538 nominavit
1394 2478 1451 2537 he·

335 2579 462 2658 thiopes,
486 2577 618 2658 Scythas,
641 2576 776 2656 Ligures,
800 2585 887 2654 atque
902 2577 1081 2640 Hecataeum
1100 2575 1285 2658 llilesiurn3l,
1310 2581 1360 2656 qui
1383 2580 1452 2638 vixit

337 2680 463 2743 saeculis
479 2699 504 2740 a.
522 2679 575 2740 Ch.
592 2698 620 2739 n.
640 2687 724 2740 sexto
749 2687 778 2739 et
800 2680 913 2756 quinto,
936 2697 997 2740 uon
1021 2679 1116 2742 solum
1140 2682 1290 2740 asinistra
1305 2679 1450 2749 Rhodani,
1526 2662 1534 2681 ⁸

335 2783 389 2844 ubi
409 2790 513 2862 postea
535 2798 655 2860 quoque
677 2781 802 2859 Ligures
824 2789 921 2850 erant,
946 2781 998 2841 sed
1022 2784 1108 2842 etiam
1131 2784 1210 2862 inter
1224 2780 1399 2842 Rhodanum
1423 2789 1453 2841 et

336 2886 505 2965 Pyrenaeos
527 2890 645 2945 montes
663 2882 805 2962 Ligurum
828 2882 914 2944 sedes
936 2885 1088 2961 posuisse,
1117 2883 1186 2943 inde
1209 2890 1346 2962 apparet,
1370 2883 1451 2962 quod

336 2987 480 3067 Elisyces,
505 2988 556 3064 qui
578 2989 655 3048 circa
678 2985 847 3047 Narbonem
868 2984 1054 3055 habitabant,
1077 2984 1220 3063 Ligurum
1242 2992 1361 3062 gentem
1385 3003 1451 3046 esse
1476 3021 1479 3028 ·

336 3089 417 3149 dicit.
461 3088 648 3160 Quinetiam
671 3096 753 3157 sunt,
781 3089 832 3165 qni
854 3085 1062 3166 Thrrcyttdts⁴l
1087 3087 1213 3164 quodam
1235 3085 1301 3147 loco
1323 3088 1451 3147 nitentes

336 3209 374 3249 ne
396 3189 523 3265 Ligures
545 3189 665 3268 quidem
693 3191 764 3250 satis
789 3188 918 3249 habeant
945 3190 1058 3268 primos
1086 3190 1217 3266 regionis
1237 3187 1317 3248 illius
1339 3186 1451 3250 incolas

335 3293 494 3359 invenisse,
518 3289 570 3350 sed
592 3289 732 3351 Iberes.
779 3289 863 3361 Quod
887 3291 965 3350 euim
981 3289 1169 3370 Thucydides
1185 3290 1221 3350 de
1241 3290 1339 3351 Sicilia
1354 3289 1450 3350 insula

335 3390 426 3452 verba
453 3392 566 3452 iaciens
594 3393 701 3462 relert,
730 3392 853 3452 Sicanos
875 3410 909 3451 re
936 3410 1005 3452 vera
1029 3410 1093 3453 esse
1116 3391 1233 3461 lberes,
1262 3393 1313 3471 qui
1340 3409 1449 3451 nomen

335 3494 456 3572 quidem
478 3494 622 3554 traxerint
644 3512 659 3553 a
678 3493 784 3554 Sicano
806 3492 929 3553 llumine
951 3493 1076 3562 lberico,
1100 3492 1290 3570 aLiguribus
1312 3500 1410 3554 autern
1435 3511 1451 3552 e

404 3680 429 3742 1)
449 3681 499 3732 Ex.
517 3695 557 3746 gr.
576 3678 710 3743 Scymnus
728 3679 821 3742 Chius,
841 3681 898 3729 orb.
917 3680 1067 3746 descriptio
1085 3695 1130 3732 vv.
1149 3681 1198 3730 1⁹10
1217 3695 1275 3744 sqq.

402 3763 429 3827 2)
448 3763 546 3813 Strabo
564 3763 625 3812 VII.
647 3780 674 3828 p.
693 3766 743 3814 300
761 3763 824 3813 Cas.
844 3754 975 3825 Ἡσίοδος
997 3755 1105 3832 μάρτυς
1129 3756 1160 3814 ἕν
1182 3769 1243 3824 τοῖς
1265 3754 1316 3814 ὑπ’
1337 3753 1449 3828 'lipoto-

335 3843 459 3906 σθένους
476 3847 684 3912 assuesceres
703 3843 812 3899 ἔπεσιν·

515 3925 660 3993 Αἰθίοπάς
677 3947 706 3982 τε
724 3925 812 3998 Λιγύς
826 3949 856 3984 τε
876 3927 920 3985 idi
940 3925 1061 3992 Σκύθας
1079 3925 1284 3999 ἷππημολγοοὶς.

334 4011 422 4084 Λιγύς
440 4034 471 4069 τε
489 4016 612 4067 restituit
628 4015 743 4067 Kramer
763 4035 796 4068 ex
814 4017 938 4068 codicum
955 4017 1076 4067 lectione
1094 4016 1202 4083 leyooal
1221 4013 1261 4068 δέ.

402 4102 432 4166 3)
461 4102 555 4168 Stepb.
583 4101 649 4166 Byz.
673 4090 827 4167 Ἐλίσνκοι,
857 4097 944 4162 ἔθνος
975 4093 1096 4167 Λιγύων.
1138 4093 1288 4160 Ἑκαταῖος
1316 4092 1449 4168 Εὐρώπῃ.

334 4189 382 4254 (=
398 4187 531 4250 Klausen‚
550 4186 650 4237 Hecat.
670 4187 740 4254 frag.
759 4186 813 4251 20.)

400 4270 427 4336 4)
451 4270 572 4334 Thucyd.
598 4274 625 4332 6,
644 4273 672 4320 2:
697 4255 822 4323 Σικανοί
845 4297 872 4306 -
898 4260 934 4328 ὡς
956 4260 974 4336 ἡ
998 4261 1124 4336 ἀλήθεια
1147 4259 1321 4335 εὑρίσκεται,
1339 4260 1449 4335 Ἴβηρες

332 4349 412 4414 ὄντες
429 4353 479 4406 καὶ
497 4348 554 4406 ἀπὸ
572 4354 623 4406 τοῦ
642 4355 770 4406 Σικανοῦ
786 4351 916 4418 ποταμοῦ
935 4351 984 4404 τοῦ
1003 4346 1035 4404 ἔν
1049 4347 1156 4420 Ἰβηρίᾳ
1173 4345 1229 4405 ὑπὸ
1247 4346 1360 4419 Λιγύων
1378 4345 1448 4405 dve-

333 4455 460 4499 σταντες.
