3148 5160
354 458 415 519 210
648 451 651 462 ’
732 453 816 512 PARS
838 455 868 510 ll.
906 453 1011 510 CAPV'l'
1034 455 1064 510 ll.

353 640 427 684 nore
457 629 555 692 erant,
587 628 617 682 ut
641 620 770 698 denique
799 623 830 682 in
855 620 1070 700 perscribenda
1092 619 1158 682 albo
1185 620 1356 698 dignitatem
1385 637 1465 698 quam

353 725 480 804 quisque
513 711 642 784 habebat
680 731 709 784 et
741 723 876 784 ordinem
914 741 972 803 rpno
1007 724 1132 802 quisque
1164 724 1195 782 in
1230 724 1342 784 curiam
1376 722 1466 784 lectos

354 834 431 896 erat,
453 821 665 904 spectaret¹³⁵l
710 824 786 903 Eligi
804 832 903 886 autem
919 827 1051 904 potuisse
1067 825 1246 886 decuriones
1262 842 1298 884 ex
1314 827 1397 886 omni
1410 833 1465 885 ter-

273 969 275 976 ·
352 930 472 1000 ritorio,
512 945 548 989 ex
583 929 652 987 vicis
682 946 742 988 non
771 927 870 988 minus
900 945 986 1004 quam
1012 945 1047 986 ex
1079 926 1204 1005 oppido,
1234 926 1305 986 dum
1333 945 1373 986 ne
1401 926 1465 1005 quid

352 1031 484 1100 deesset,
516 1029 594 1107 quod
618 1028 664 1088 lex
688 1027 851 1106 llagitabat,
880 1029 1008 1108 probant
1035 1028 1212 1088 decuriones
1234 1027 1291 1096 illi,
1317 1045 1394 1105 quos
1416 1031 1468 1088 vici

351 1133 543 1212 Allobrogum
577 1132 677 1192 curiae
713 1131 873 1191 Viennensi
908 1129 1171 1210 suppeditaverunt
1205 1129 1286 1210 (app.
1318 1148 1369 1190 nn.
1399 1135 1465 1196 543.

352 1241 423 1302 544.
449 1233 533 1315 565).
585 1233 692 1294 Contra
722 1251 757 1292 ex
784 1233 978 1313 inscriptione
1006 1239 1108 1293 nostra
1131 1250 1159 1292 n.
1179 1235 1254 1300 453,
1279 1229 1331 1290 ubi
1356 1233 1465 1292 Vocon-

351 1339 411 1398 tins
439 1337 468 1398 S.
499 1336 626 1398 Vencius
660 1336 691 1395 in
721 1336 830 1394 curiam
860 1333 1121 1411 Lugudunensium
1155 1333 1191 1393 ab
1225 1332 1331 1394 horum
1366 1333 1473 1394 ordine·

351 1440 472 1500 nomine
509 1436 654 1499 incolatus
693 1436 801 1496 dicitur
833 1435 971 1505 allectus,
1010 1435 1158 1503 ridemus
1197 1436 1291 1511 siquis
1328 1435 1466 1513 singulari
1555 1489 1556 1496 ,

352 1557 409 1618 qua
442 1541 556 1600 ratione
591 1537 774 1618 allegebatur
811 1538 841 1598 in
880 1536 1030 1606 ordinem,
1065 1556 1125 1597 non
1162 1535 1283 1598 arbitrio
1313 1539 1464 1614 magistra·

351 1649 399 1703 tus
427 1641 479 1702 sed
509 1659 544 1700 ex
574 1641 687 1701 ordinis
721 1639 842 1699 decreto
871 1637 1059 1700 allectionem
1094 1658 1160 1700 esse
1194 1639 1315 1706 lactam;
1353 1641 1384 1699 in
1412 1657 1463 1716 qua

352 1762 456 1804 caussa
480 1760 516 1803 ex
540 1742 703 1803 alienorum
728 1740 905 1819 oppidorum
933 1741 1179 1820 inscriptionibus
1203 1759 1253 1800 eos
1280 1758 1400 1820 quoque
1426 1742 1462 1799 vi-

352 1845 455 1906 demus
483 1846 589 1913 luisse,
619 1845 669 1921 qui
695 1843 856 1921 gratuitum
883 1842 1094 1904 decurionatus
1125 1843 1268 1904 honorem
1298 1845 1463 1922 acciperent

352 1947 552 2030 (Oc-Hennen
575 1950 666 2013 3816.
684 1942 776 2022 5330)
801 1946 862 2004 sive
886 1947 1067 2006 ornamentis
1089 1951 1203 2006 tantum
1227 1942 1461 2006 decurionalibus

350 2056 528 2110 ornarentur
552 2045 751 2128 (oc-Henna
775 2042 856 2124 880).
897 2046 1039 2107 ,Ceterum
1062 2045 1098 2106 de
1121 2065 1246 2108 numero
1269 2048 1399 2106 omnium
1415 2045 1459 2104 dc·

350 2153 517 2220 curionum,
542 2149 592 2225 qui
615 2165 758 2208 numeros
781 2146 859 2207 baud
883 2147 972 2208 dubie
994 2149 1025 2208 in
1048 2147 1234 2209 Narbonensi
1256 2165 1376 2225 quoque
1398 2165 1459 2208 cen·

349 2260 488 2313 tenorum
513 2258 577 2311 erat
597 2252 628 2310 in
644 2266 763 2328 quoque
778 2251 949 2329 municipio,
974 2249 1010 2309 de
1035 2249 1206 2311 discrimine
1222 2268 1336 2318 eorum,
1361 2248 1458 2326 quibus

349 2357 379 2414 in
403 2357 487 2416 curia
509 2353 686 2414 sententiam
709 2351 809 2412 dicere
831 2350 953 2420 licebat,
985 2359 1014 2412 et
1041 2351 1231 2430 pedariorum
1260 2353 1336 2421 sive,
1368 2359 1399 2411 ut
1419 2356 1457 2410 cst

350 2456 381 2515 in
404 2455 471 2516 albo
495 2455 643 2516 Canusino
655 2449 713 2531 136),
737 2451 931 2532 pedanornm
956 2453 992 2513 de
1015 2451 1205 2531 praetextatis
1227 2454 1257 2512 in
1281 2456 1391 2514 curiam
1412 2451 1454 2512 ad-

351 2557 460 2626 missis,
484 2555 521 2615 de
545 2574 579 2616 eo
603 2555 800 2614 decurionum
822 2573 961 2624 numero,
986 2574 1045 2633 qno
1069 2554 1104 2614 ad
1128 2554 1258 2615 iacienda
1282 2555 1398 2616 decreta
1418 2553 1452 2613 le-

350 2659 452 2736 gitime
475 2675 551 2736 opus
572 2657 671 2726 luerit,
696 2656 732 2715 de
755 2658 870 2715 ratione
897 2655 1046 2733 rogandae
1074 2656 1236 2716 sententiae
1265 2655 1338 2716 nihil
1360 2658 1388 2716 in
1409 2673 1453 2714 no-

350 2767 429 2820 strae
451 2759 621 2838 provinciae
649 2757 893 2836 inscriptionibus
917 2758 1090 2817 invenimus.
1123 2793 1163 2800 -
1191 2757 1300 2818 Contra
1328 2775 1397 2835 quae
1421 2753 1452 2814 ab

350 2861 454 2922 ordine
471 2862 530 2922 sint
551 2867 631 2921 acta
656 2867 689 2920 et
712 2858 880 2927 decreta,
903 2857 1026 2918 uberius
1044 2877 1079 2918 ex
1096 2848 1206 2919 nostris
1224 2874 1342 2938 quoque
1359 2857 1451 2918 inscri-

349 2962 501 3042 ptionibus
523 2963 633 3041 poterit
655 2961 808 3039 cognosci,
838 2962 933 3037 iisque
956 2962 981 3021 si
1009 2961 1204 3038 adiungemus
1226 2977 1302 3037 quae
1325 2957 1450 3038 suppedi-

349 3072 412 3126 tant
434 3063 553 3125 tabulae
576 3063 756 3142 Salpensana
781 3070 810 3123 et
832 3061 1019 3140 Malacitana‚
1043 3064 1140 3140 imago
1163 3064 1234 3123 satis
1257 3081 1394 3142 expressa
1414 3059 1448 3119 ei-

348 3167 466 3227 ficietnr
495 3165 587 3226 ollicii
615 3165 821 3225 decurionum.
867 3165 987 3224 Constat
1016 3165 1141 3224 sormam
1170 3164 1351 3225 decernendi
1371 3164 1449 3223 luisse

349 3286 429 3334 eam,
459 3273 492 3326 ut
520 3268 570 3341 (poi
600 3268 789 3344 magistratus
818 3267 879 3326 sive
906 3284 959 3326 sua
987 3273 1093 3344 sponte
1122 3268 1182 3326 sive
1205 3265 1241 3326 ab
1265 3266 1322 3327 alio
1344 3270 1449 3342 rogatus
1554 3247 1556 3330 l

349 3368 485 3428 ordinem
508 3374 734 3435 convocaverat,
764 3368 892 3427 referret
919 3367 956 3426 de
980 3367 1088 3443 quibus
1112 3374 1175 3427 erat
1197 3369 1396 3436 referendum,
1423 3368 1449 3422 ul

349 3467 456 3528 deinde
484 3475 607 3546 rogante
636 3470 798 3530 sententias
826 3471 998 3547 magistratu
1026 3476 1201 3546 sequeretur
1224 3471 1338 3530 ordinis
1359 3469 1446 3528 decre·

348 3578 420 3638 tum,
444 3575 477 3628 ut
500 3576 698 3646 exequeretur
720 3570 848 3650 denique
871 3570 1024 3631 decretum
1048 3573 1073 3630 is
1096 3572 1302 3648 magistratus,
1327 3572 1405 3633 cuius
1423 3565 1445 3624 id

347 3671 501 3748 negotium
524 3678 595 3732 erat.
641 3672 778 3750 Ipsorum
800 3660 988 3749 negotiorum
1012 3681 1110 3732 autem
1140 3678 1279 3750 quattuor
1301 3688 1402 3750 genera
1421 3669 1445 3725 iu

348 3771 488 3837 omnibus
517 3780 575 3834 tam
605 3774 711 3833 civium
734 3772 934 3833 Romanorum
964 3791 1051 3850 quam
1081 3772 1254 3833 Latinorum
1283 3771 1391 3853 oppidis
1415 3765 1444 3826 ab

349 3875 454 3936 ordine
484 3874 616 3935 videmus
645 3893 710 3934 esse
738 3880 875 3943 tractata,
903 3873 1186 3935 administrationem
1217 3893 1318 3936 earum
1347 3885 1442 3934 rerum,

349 3995 424 4055 quae
447 3978 598 4054 pertinent
620 3975 655 4034 ad
683 3977 877 4054 municipium
887 3972 949 4054 137),
979 3994 1079 4036 curam
1109 3994 1276 4045 sacrorum,
1307 3971 1441 4036 consilium

417 4144 476 4209 135)
497 4145 554 4195 dfr.
573 4144 590 4196 l.
611 4147 622 4192 1
642 4139 706 4210 Dig.
726 4145 760 4194 de
780 4145 844 4195 albo
863 4145 1007 4194 scribendo
1026 4143 1134 4208 (cm-3).

416 4229 475 4294 136)
494 4231 653 4290 Mommsen,
673 4230 759 4280 Inscr.
777 4229 864 4294 Neap.
884 4245 910 4278 n.
930 4230 987 4280 635.
1024 4229 1113 4278 Orelli
1131 4231 1206 4280 3721.

416 4313 475 4373 137)
495 4313 551 4363 Cfr.
569 4312 678 4362 titulum
696 4314 872 4377 Digestorum
891 4313 931 4374 50,
951 4314 981 4362 8:
1006 4314 1039 4363 de
1059 4313 1298 4364 administratione
1316 4324 1396 4362 rerum
1411 4301 1438 4353 ad

346 4397 477 4446 civitates
496 4397 701 4461 pertinentium.
