3154 5162
520 477 603 534 PARS
624 476 654 534 ll.
698 477 803 536 CAPVT
825 480 854 535 ll.
1182 484 1243 545 149

132 645 197 704 Anv.
226 663 254 723 p.
279 639 371 722 406),
402 643 528 704 Mantala
552 643 761 722 (Montoillenr
783 646 853 706 Anv.
882 667 911 725 p.
937 652 1012 714 433;
1042 647 1082 707 St.
1107 649 1185 708 Jeoo
1211 652 1242 709 lo
1348 693 1349 698 η

132 747 212 806 Porta
234 745 344 806 Uckcrt
364 763 394 824 p.
419 751 494 813 458;
518 746 559 806 St.
575 747 680 806 Plerre
695 745 852 823 d’Alhipny
874 748 983 828 Lapis).
1031 748 1058 828 3)
1083 751 1161 810 inter
1183 751 1240 811 An-

83 898 87 906 .
131 855 240 932 gustam
271 855 299 909 ct
320 847 484 908 Genavam:
509 847 622 909 Etanna
645 846 754 926 (Peut.;
782 851 884 910 Venae
906 853 976 911 dnv.
999 871 1027 930 p.
1053 851 1139 930 294);
1164 853 1239 912 Con-

132 949 192 1010 date
215 949 330 1028 (Peut.;
354 967 449 1029 prope
472 938 678 1026 Seyssel'llnn
702 970 731 1030 p.
757 948 843 1028 238).
909 952 1019 1030 linter
1042 955 1183 1014 Viennam
1213 962 1243 1014 et

131 1051 316 1113 Cularonem:
341 1052 564 1113 Turecionnum
588 1050 699 1130 (Penta
724 1053 865 1114 Urdonno
887 1070 986 1132 geogr.
1012 1053 1081 1115 Rav.
1108 1075 1137 1133 p.
1162 1061 1239 1124 241;

132 1153 274 1215 &nomeu
300 1156 371 1215 Anv.
401 1172 429 1232 p.
454 1152 548 1231 663);
578 1153 765 1232 Morginnum
789 1154 901 1234 (Peut.;
931 1156 1111 1236 Maurogena
1138 1174 1239 1236 geogr.

130 1255 193 1316 Rav.
216 1275 245 1335 p.
269 1261 345 1324 2415
370 1256 493 1316 Moirnn
514 1256 585 1315 Anu.
608 1273 638 1334 p.
663 1256 753 1336 465);
777 1256 894 1318 Cularo.

206 1357 305 1418 llabes
327 1357 376 1418 bic
396 1358 566 1436 provinciae
588 1364 708 1419 nostrae
723 1340 864 1428 lormaln,
889 1367 1031 1437 qnantum
1053 1362 1119 1423 lieri
1133 1364 1238 1441 potuit,

128 1461 304 1528 restitutam
328 1461 360 1519 in
383 1476 441 1536 qua
464 1460 491 1518 si
512 1458 650 1520 omnibus
672 1459 762 1529 locis,
787 1463 916 1538 quaein
939 1461 1141 1524 Romana-rum
1164 1467 1238 1526 anti-

128 1563 267 1640 quitatum
290 1561 477 1622 documentis
493 1559 758 1640 deprehendimus,
783 1582 867 1624 suam
890 1566 998 1641 cuique
1013 1565 1129 1634 sedent,
1154 1584 1238 1627 suam

128 1663 328 1724 condicionem
360 1663 458 1723 conati
490 1681 594 1724 sumus
627 1663 773 1734 tribuere,
808 1667 985 1727 restiterunt
1023 1669 1141 1728 conatui
1180 1668 1238 1730 duo

127 1766 240 1826 nomina
265 1754 443 1844 oppidorum
464 1763 638 1825 Latinorum
661 1785 677 1826 a
699 1766 870 1828 Ptolemaeo
892 1769 1013 1837 tradita,
1037 1770 1238 1831 Bormanni

127 1872 153 1924 ot
173 1867 381 1935 Comacina,
406 1866 593 1944 adquorum
621 1868 710 1929 situm
740 1868 940 1930 deliniendum
970 1870 1083 1932 nullum
1112 1874 1239 1932 inveniri

18 1993 20 1998 ·
125 1974 217 2045 potest
238 1974 458 2047 argumentum.

478 2277 882 2300 —--7-----—-

576 2628 697 2696 Caput
719 2627 772 2682 11.

431 2789 481 2848 De
503 2788 651 2847 institutis
673 2787 921 2866 municipalibus.

596 2955 748 2964 ——...-—--

17 3147 19 3170 ‚
106 3151 109 3157 .
199 3093 364 3172 [descriptis
387 3090 574 3168 definitisque
596 3092 670 3159 iam,
694 3097 836 3169 qnantum
858 3089 923 3150 lieri
937 3093 1048 3169 potest,
1073 3106 1127 3167 per
1142 3094 1234 3149 totam

17 3177 19 3268 l
118 3197 301 3272 provinciam
322 3194 481 3255 territoriis
510 3199 668 3268 antequam
696 3191 732 3252 ad
762 3189 935 3270 exponenda
963 3190 1140 3269 oppidorum
1168 3191 1234 3252 iura

17 3315 19 3364 ς
119 3302 145 3355 ct
166 3297 304 3357 instituta
326 3296 515 3364 accedamus,
539 3293 626 3356 liceat
647 3295 751 3373 paucis
773 3311 936 3372 exponere,
965 3292 1043 3354 unde
1072 3290 1234 3370 repetenda

17 3387 19 3480 l
47 3389 50 3394 ’
117 3397 153 3457 sit
173 3400 219 3458 rei
241 3396 432 3476 municipalis
454 3399 485 3456 in
506 3397 658 3474 provincia
680 3403 782 3466 nostra
805 3395 975 3473 descriptio.

17 3489 19 3500 ”
199 3500 231 3560 Si
255 3498 335 3576 quod
354 3497 497 3578 oppidum
513 3498 620 3558 sivein
636 3494 718 3557 ltalia
734 3499 794 3556 sive
816 3497 848 3556 in
868 3513 926 3573 qua
941 3496 1092 3574 provincia
1108 3496 1168 3555 sive
1184 3515 1233 3556 co·

17 3589 19 3670 J
116 3600 209 3662 ioniae
225 3603 336 3662 civium
350 3599 552 3660 Romanorum
567 3599 627 3659 sive
644 3597 776 3659 coloniae
792 3597 912 3659 Latinae
928 3598 988 3658 sive
1003 3597 1156 3676 municipii
1169 3599 1234 3658 iure

116 3701 287 3762 allomanis
303 3702 539 3762 constituebatur
561 3716 658 3777 neque
681 3700 810 3761 loederis
830 3701 945 3760 ratione
966 3699 1040 3760 haec
1063 3701 1233 3761 constitutio

17 3833 18 3836 ¹
115 3803 210 3874 tiebat,
225 3821 283 3883 per
297 3803 394 3882 legem
409 3802 558 3882 publicam
573 3799 676 3881 populi
688 3801 813 3862 Romani
829 3800 974 3862 eiusmodi
990 3801 1132 3881 oppidum
1147 3802 1232 3862 insti·

17 3895 19 3912 '
115 3910 174 3966 tnta
190 3905 357 3984 accipiebat
372 3903 572 3984 municipalia.
603 3903 723 3964 Poterat
739 3911 838 3966 antem
855 3901 998 3964 eiusmodi
1014 3903 1062 3964 lex
1076 3909 1127 3963 aut
1141 3919 1232 3980 gene·

113 4005 183 4068 ralis
199 4025 268 4070 esse
283 4009 303 4066 i.
317 4025 343 4068 e.
361 4007 397 4066 ad
414 4009 522 4077 onmia,
535 4023 611 4084 qutac
627 4023 685 4083 quo
700 4013 836 4086 tempore
852 4005 976 4066 alicuius
990 4006 1109 4082 generis
1125 4005 1233 4063 sivein

17 4173 19 4182 ‚
113 4113 174 4168 toto
198 4108 274 4170 orbe
298 4110 359 4169 sive
381 4110 412 4169 in
435 4126 493 4169 una
516 4107 614 4186 aliqua
629 4109 748 4187 imperii
762 4114 847 4186 parte
863 4105 1015 4176 extabant,
1039 4105 1146 4183 oppida
1161 4121 1230 4182 pcr-

113 4210 211 4270 tincns
235 4215 287 4269 aut
308 4209 446 4288 specialis
468 4211 487 4269 i.
512 4227 538 4268 c,
563 4208 686 4287 singulis
715 4209 833 4289 oppidis
860 4208 936 4268 data.
981 4208 1018 4267 At
1045 4223 1143 4283 nequo
1165 4205 1232 4265 illae

112 4307 193 4390 leges
217 4310 294 4372 adeo
317 4318 403 4372 erant
424 4308 594 4388 generales,
624 4317 738 4371 utnon
761 4307 919 4388 singularis
947 4306 1131 4386 quarundam
1161 4325 1229 4388 par·

112 4412 187 4474 tium
211 4411 398 4474 condicionis
421 4415 497 4474 ratio
520 4412 695 4484 haberetur,
725 4429 822 4492 neque
845 4410 901 4470 hae
927 4417 987 4474 tam
1016 4409 1174 4492 speciales
1199 4414 1232 4472 ut
