3154 5162
504 467 589 524 Plus
610 467 629 522 l.
676 465 781 522 clevi
803 465 834 524 ll.
1188 467 1228 531 99

118 626 347 709 Corinthumffl),
371 631 539 711 quibusque
562 643 692 694 veterem
722 633 906 710 optimatium
928 633 1068 693 iniuriam
1097 633 1226 704 sustulit,

119 733 348 794 commemorabo
376 735 477 812 potius
505 753 555 804 ea,
586 752 660 812 quae
688 753 743 813 per
771 731 862 794 breve
891 733 964 794 illud
995 739 1114 814 tempus
1148 737 1227 813 quod

119 834 186 894 victo
199 835 342 914 ¹Pompeio
365 833 514 914 reliquum
530 838 557 897 ei
574 842 650 904 erat,
674 835 711 896 ad
726 836 877 916 universas
892 837 1031 912 regiones
1046 838 1227 914 pertinentia

118 935 252 997 decrevit:
286 935 368 997 dedit
399 937 575 998 latinitatem
609 936 731 1007 Siculis,
767 955 895 1015 quorum
924 936 1020 998 insula
1048 955 1226 1015 quamquam

118 1035 229 1099 Graecis
263 1038 389 1099 coloniis
428 1037 545 1100 obtecta
580 1040 751 1100 commercii
785 1046 884 1100 tamen
915 1040 1031 1099 ratione
1065 1043 1227 1118 antiquitus

22 1165 23 1214 3
117 1137 208 1199 ltaliae
228 1141 322 1218 magis
346 1157 434 1216 quant
458 1141 598 1202 Graeciae
621 1147 685 1202 erat
706 1137 868 1218 iuncta⁶⁵);
899 1139 980 1201 dedit
1007 1148 1075 1220 post
1095 1159 1226 1221 pugnarn

22 1283 24 1314 ÷
116 1239 302 1302 Mundensem
330 1241 489 1321 Hispaniae
518 1240 700 1312 civitatibus,
735 1260 803 1302 cum
832 1249 865 1302 ut
892 1241 934 1302 ibi
961 1261 1011 1302 res
1037 1249 1103 1304 tum
1131 1251 1225 1314 erant,

116 1358 204 1418 neque
225 1341 305 1404 ultro
328 1359 427 1420 neque
450 1345 578 1420 gratuito
602 1343 673 1404 darc
695 1349 810 1421 posset,
836 1342 973 1403 omnibus
989 1345 1125 1421 quidem,
1149 1361 1225 1423 quae

116 1443 260 1520 petebant,
295 1445 512 1524 rempublicam
544 1445 645 1506 ltalioo
680 1445 767 1504 modo
801 1447 1005 1514 constitutam;
1047 1465 1116 1506 nrox
1151 1465 1225 1524 quae

22 1583 24 1638 ἰ
117 1551 191 1606 extra
218 1545 331 1607 ltaliam
362 1565 426 1607 esse
454 1547 491 1607 ad
518 1546 592 1607 illud
620 1563 715 1624 usque
746 1553 864 1625 tempus
889 1546 1084 1617 censebatur,
1115 1547 1225 1609 Galliae

115 1645 334 1726 Transpadanae
363 1649 512 1710 civitatem
541 1648 577 1708 ab
606 1648 798 1726 optimatibus
824 1651 1018 1728 pertinaciter
1051 1650 1225 1728 denegatam

22 1755 24 1810 ζ
116 1747 260 1809 vindicavit
284 1755 314 1809 et
336 1756 369 1810 ut
391 1748 492 1810 ltaliae
516 1751 654 1827 carogio
679 1748 846 1811 adiceretur
871 1752 1071 1830 praeparavit,
1096 1752 1224 1828 denique

22 1829 24 1880 ³
114 1849 258 1920 omnibus,
284 1868 360 1928 quae
383 1845 575 1913 6116116116
604 1858 634 1911 ct
663 1853 695 1912 in
717 1853 878 1930 provinciis
906 1858 1004 1921 erant,
1034 1853 1222 1914 6161666116-

22 1939 24 1960 ’
114 1967 259 2014 manorum
283 1952 415 2032 oppidis,
439 1954 499 2014 sive
523 1952 656 2014 coloniae
680 1960 765 2014 erant
787 1955 850 2014 sive
863 1953 1039 2030 municipia,
1063 1952 1129 2031 lege
1150 1954 1224 2016 lulio

22 2045 23 2048 '
114 2052 274 2132 municipali
297 2055 462 2134 prospexit.
493 2055 575 2125 Quae
592 2056 690 2115 omnia
714 2053 840 2115 duorum
858 2071 1005 2115 annorum
1021 2053 1048 2134 (6
1063 2059 1103 2120 46
1119 2055 1155 2114 ad
1171 2053 1223 2132 44)

22 2191 24 2216 r
113 2155 198 2230 spatio
227 2157 252 2216 si
282 2173 344 2216 non
371 2157 505 2235 perlecta
534 2161 563 2216 et
590 2155 723 2218 absoluta
732 2153 743 2225 ,’
770 2155 890 2218 decreta
921 2161 1020 2216 tamen
1048 2161 1078 2214 et
1104 2157 1223 2234 incepta
1318 2145 1321 2154 ¹

22 2253 24 2274 ³
112 2271 165 2314 nou
185 2263 351 2334 potuerunt
372 2275 432 2318 non
454 2257 577 2336 prodire
599 2259 655 2318 nisi
679 2276 715 2318 ex
737 2238 941 2335 proquodam
959 2258 1221 2318 summiviricon-

113 2353 184 2426 silio,
217 2361 269 2436 qui
305 2364 335 2418 61
362 2358 482 2427 damma,
512 2358 621 2436 quibus
649 2359 790 2421 altlictum
819 2365 882 2419 6661
909 2359 1068 2437 imperium
1097 2364 1158 2419 tam
1187 2377 1222 2421 ex

112 2459 291 2534 optimatium
318 2459 520 2522 dominatione
549 2478 638 2538 quarn
673 2480 708 2522 ex
738 2458 824 2522 bellis
852 2458 1003 2530 civilibus
1035 2467 1065 2520 61
1090 2460 1222 2522 remedia

113 2556 279 2622 damnorum
296 2564 482 2642 perspiceret
504 2568 593 2640 atque
615 2563 642 2622 is
664 2569 750 2633 66661,
769 2565 820 2640 qui
836 2564 996 2640 imaginem
1018 2564 1088 2622 novi
1109 2563 1222 2623 ordinis

22 2649 24 2660 '
111 2660 221 2737 ingenio
251 2665 426 2743 conciperet
454 2680 548 2741 aeque
576 2671 687 2726 vastam
715 2675 744 2724 et
772 2663 913 2742 grandem
944 2682 977 2724 ae
1005 2663 1170 2743 simplicem
1193 2670 1222 2722 et

110 2759 217 2824 sacuam
235 2765 356 2828 effectu.
389 2766 423 2827 ln
441 2781 501 2842 quo
520 2765 625 2826 ordine
643 2765 792 2842 quomodo
809 2782 884 2842 quae
900 2783 916 2825 6
932 2764 962 2825 C.
980 2763 1115 2824 Graccho
1135 2782 1221 2842 prae·

22 2881 24 2890 ’
110 2863 177 2934 visa,
199 2873 386 2946 praeparata,
410 2869 529 2947 incepta
552 2873 650 2938 erant,
675 2868 782 2928 Cacsar
804 2867 954 2945 receperit
976 2871 1005 2924 et
1026 2866 1110 2926 firma
1132 2883 1222 2925 manu

110 2965 246 3046 uniceque
269 2969 382 3046 ingenii
403 2971 630 3048 perspicacitate
652 2975 796 3030 executus
823 2968 875 3035 sit,
905 2973 965 3026 tarn
993 2966 1147 3043 magnifice
1169 2965 1220 3025 de·

109 3066 195 3142 pinxit
215 3076 338 3147 tamque
358 3069 521 3148 splendidis
543 3071 692 3132 coloribus
706 3063 1095 3144 11166166611Μ6666666667),
1112 3073 1221 3128 61666

109 3169 249 3250 6166666
270 3190 327 3232 nos
346 3170 464 3249 longius
485 3172 521 3232 de
542 3171 598 3232 hec
623 3190 657 3233 re
679 3189 809 3250 agamus.
847 3170 975 3231 Tantum
993 3167 1029 3228 ad
1048 3166 1220 3247 explicanda

110 3268 237 3334 Caesaris
256 3273 296 3333 de
310 3273 501 3352 propaganda
515 3273 660 3334 latinitate
678 3274 783 3334 merita
802 3270 876 3333 haec
891 3270 979 3332 liceat
998 3271 1028 3330 in
1045 3270 1219 3330 memoriam

109 3388 256 3436 revocare:
274 3392 338 3435 non
354 3374 479 3435 deerant
500 3376 620 3436 omnino
640 3373 762 3435 latinae
779 3375 810 3434 in
832 3374 1038 3434 transmarinis
1058 3373 1220 3451 provinciis

109 3472 242 3546 coloniae,
255 3483 291 3537 61
306 3495 396 3556 supra
413 3473 451 3555 (p.
468 3476 518 3556 50)
534 3477 670 3548 diximus,
686 3495 753 3537 cum
766 3482 795 3536 61
807 3495 832 3537 6.
847 3493 871 3535 6.
887 3474 1219 3552 nuncupantem

108 3642 406 3658 Ἢ-

168 3763 210 3829 64)
229 3765 285 3816 uio
303 3767 351 3830 43,
371 3765 412 3815 50.

171 3864 213 3929 61)
233 3865 293 3918 016.
313 3866 349 3916 ad
366 3865 450 3918 Attic.
470 3867 510 3929 14,
531 3869 575 3916 12:
594 3869 671 3916 multa
688 3867 737 3916 illis
756 3864 806 3928 (66.
826 3864 940 3930 Siculis)
960 3865 1069 3923 Caesar,
1089 3880 1169 3930 neque
1181 3837 1218 3914 mc

106 3947 187 4008 166116,
206 3952 257 4001 6161
274 3952 389 4000 latinitas
407 3957 465 4000 erut
482 3966 532 4000 666
548 3951 671 4014 ferendc3
690 3949 762 4000 unde
781 3949 866 4000 simul
880 3951 1008 4014 apparet,
1028 3947 1092 4012 quid
1109 3948 1173 3996 novi
1191 3949 1219 3996 in

109 4045 137 4080 eo
154 4033 285 4085 Caesaris
304 4034 422 4086 consilio
441 4036 533 4087 fuerit.

167 4135 350 4200 6111111643,
370 4138 416 4186 39:
439 4139 499 4196 τοῖς
522 4124 691 4188 1161661616
713 4149 779 4185 τινα
802 4111 893 4184 odacri
915 4131 1030 4198 σχοῦσιν
1054 4127 1143 4182 ἔδωκε
1166 4126 1219 4195 μὲν

106 4215 150 4270 ccl
167 4219 257 4286 χωρία
276 4213 488 4283 661616116666,
508 4217 657 4272 πολιτείαν
675 4213 705 4270 τὲ
723 4232 793 4283 τισι,
817 4215 867 4268 nol
890 4207 984 4275 ἄλλοις
1006 4207 1139 4273 ductante
1161 4213 1218 4266 τῶν

102 4289 241 4370 Ῥωμαίων
258 4305 441 4370 νομίζεσθαι.
477 4296 510 4356 οὖ
529 4296 587 4370 μὴν
604 4299 654 4355 aul
672 4301 778 4366 προῖκα
797 4291 869 4352 αὐτὰ
889 4291 1049 4366 ἐχαρίσατο.

167 4407 213 4472 ot)
231 4407 396 4470 Mommsen,
416 4407 509 4456 Roem.
530 4405 628 4456 Geseh.
648 4409 673 4459 3.
692 4407 725 4454 Β.
743 4405 775 4456 V.
793 4404 828 4456 K.
848 4404 888 4451 11.
912 4450 914 4454 .

968 4493 986 4554 7
1071 4554 1080 4566 d
1217 4539 1237 4568 “d
1252 4536 1273 4567 ⁴⁴

1034 4561 1043 4602 ζ
1072 4583 1081 4598 ⁴
1119 4574 1127 4593 a
1154 4574 1194 4591 Ην
1219 4566 1273 4601 ⁴9⁴⁹

1035 4615 1044 4630 6
1072 4612 1081 4626 a
1106 4591 1115 4606 ⁴
1130 4593 1139 4606 ν
1155 4607 1180 4633 ⁴„
1218 4594 1274 4629 ⁴0³⁸
