3154 5162
550 467 636 524 Plus
659 468 677 524 l.
723 469 828 526 CAPVT
854 470 883 526 ll.
1232 479 1273 537 77

152 639 208 700 ret,
232 630 361 708 ideoque
384 633 513 712 privatae
536 634 660 696 rationis
682 635 893 715 potiusquam
917 636 1052 715 publicae
1074 640 1207 716 praemia
1221 637 1272 700 illa

151 734 353 796 iudicaverim.
1086 733 1088 738 ’

239 835 413 913 Sequuntur
441 837 500 897 iam
530 835 602 898 belli
629 837 722 898 cirilis
749 840 827 900 inter
856 840 1012 902 Caesarem
1041 847 1071 902 et
1098 841 1271 920 Pompeium

152 937 268 1008 turbae,
293 946 323 998 et
344 936 401 998 hae
423 937 543 1016 quidem
566 957 620 1019 per
643 938 761 1018 aliquod
778 941 881 1002 saltem
903 949 1022 1022 tempus
1044 945 1161 1022 gravius
1183 963 1272 1024 quam

152 1039 231 1102 bella
266 1038 376 1100 Gallica
408 1042 590 1119 provinciam
629 1061 749 1122 quoque
783 1042 1009 1105 Narbonensem
1038 1054 1269 1107 commoverunt.

152 1142 224 1202 Erat
247 1142 355 1203 Caesar
384 1141 440 1202 sub
462 1143 551 1203 linem
579 1145 648 1206 anni
671 1149 710 1210 50
737 1146 769 1226 in
792 1144 970 1224 Cisalpinam
997 1148 1178 1225 provincia-m
1202 1166 1270 1226 pro·
1376 1183 1379 1190 ·

152 1245 265 1313 iectuS,
289 1251 513 1323 expectaturus
545 1245 692 1322 quomodo
714 1247 745 1306 in
768 1246 843 1308 urbe
866 1266 914 1308 res
935 1247 1147 1327 procederent,
1170 1248 1271 1327 ibique

154 1364 222 1406 cum
245 1344 363 1405 hostilia
386 1348 484 1407 omnia
507 1345 550 1415 ab¹
572 1346 762 1427 optimatibus
785 1355 887 1410 contra
915 1368 947 1410 se
975 1351 1040 1411 fieri
1067 1352 1270 1429 comperisset,

154 1466 223 1509 cum
252 1446 358 1507 deinde
385 1447 451 1517 illo,
482 1447 560 1526 quod
584 1467 609 1510 a.
635 1449 662 1509 d.
687 1449 739 1510 VH
767 1449 837 1510 ldus
865 1450 1015 1512 lanuarias
1043 1472 1069 1512 a.
1094 1458 1134 1518 49
1164 1455 1270 1514 lactum

153 1557 209 1619 est,
234 1556 355 1609 senatus
370 1548 505 1610 consulto
528 1549 639 1612 bellum
662 1558 765 1630 aperte
795 1553 822 1612 ei
844 1561 923 1613 esset
944 1553 1106 1623 indictum,
1135 1573 1172 1614 ex
1202 1573 1270 1633 pro·
1318 1569 1320 1572 ·

151 1651 249 1711 vincia
277 1652 306 1710 in
335 1648 449 1712 ltaliam
477 1659 683 1730 transgressus
704 1653 823 1713 urbem
854 1672 957 1716 versus
986 1653 1158 1716 exercitum
1174 1655 1270 1718 duxit.

153 1753 277 1814 Constat
297 1753 375 1813 inter
396 1745 512 1824 omnes,
536 1772 611 1834 quae
633 1757 764 1835 primum
786 1756 819 1815 in·
840 1754 921 1816 ltalia
938 1759 1095 1835 superiori,
1119 1775 1196 1834 quae
1220 1758 1270 1818 de-

150 1854 223 1914 inde
245 1856 275 1914 in
298 1855 362 1934 ipsa
385 1856 459 1917 urbe
481 1863 551 1936 post
573 1856 706 1918 Caesaris
733 1858 764 1916 in
793 1875 827 1918 ea
850 1857 1007 1920 adventum
1031 1861 1191 1922 evenerint.
1236 1861 1272 1921 At

152 1955 260 2016 eodem
283 1974 359 2016 anno
381 1959 412 2018 in
435 1959 586 2036 provincia
609 1975 728 2036 quoque
751 1958 937 2020 Narbonensi
960 1961 1068 2019 acriter
1091 1966 1136 2020 est
1157 1978 1270 2038 pugna·

151 2065 228 2128 tum,
273 2057 329 2118 Ubi
351 2060 482 2138 primum
505 2062 583 2122 enim
605 2079 655 2121 res
678 2059 713 2121 ad
736 2059 846 2121 bellum
869 2062 973 2128 vertit,
1002 2063 1202 2139 perscriptum
1226 2069 1272 2121 est

151 2158 454 2244 senatusconsultum,
480 2179 537 2239 quo
560 2179 629 2222 cum
651 2161 726 2224 aliae
740 2162 909 2240 provinciae
924 2162 1112 2241 Pompeianis
1127 2162 1269 2222 decerne·

150 2269 258 2322 rentur
280 2269 343 2322 tum
372 2264 524 2342 provincia
552 2262 746 2343 Transalpina
774 2262 806 2322 L.
831 2262 958 2324 Domitio
980 2263 1192 2332 Ahenobarbo,
1222 2266 1271 2340 qui

150 2382 230 2424 anno
254 2369 294 2429 54
316 2364 414 2426 luerat
435 2361 594 2443 consul¹¹j
639 2366 668 2426 ls
691 2382 761 2426 vero
784 2370 847 2426 tum
869 2365 988 2444 quidem
1018 2364 1161 2428 abstinuit
1187 2364 1268 2424 abire

150 2468 181 2526 in
205 2467 386 2544 provinciam
416 2467 473 2528 sibi
500 2466 648 2528 decretam
679 2466 900 2544 Corfiniumque
929 2485 961 2527 se
990 2466 1116 2527 contulit
1137 2466 1271 2546 Pompeii

150 2586 288 2628 caussam
316 2567 372 2629 hoc
400 2566 466 2628 loco
496 2568 688 2638 defensurus,
724 2578 753 2630 at
785 2588 852 2642 cum
880 2568 909 2627 id
937 2570 1058 2629 minime
1088 2571 1268 2647 contigisset,

149 2671 244 2730 immo
266 2671 330 2749 ipse
353 2688 369 2730 a
392 2669 517 2732 Caesare
548 2678 627 2731 esset
655 2677 771 2750 captus,
802 2671 852 2730 ubi
880 2672 1009 2749 primum
1037 2671 1206 2732 libertatem
1229 2673 1269 2730 vi-

150 2773 245 2834 ctoris
267 2773 353 2832 venia
375 2789 546 2834 concessam
569 2772 678 2842 habuit,
701 2773 772 2833 dum
789 2771 896 2833 Caesar
918 2771 1041 2834 Romam
1064 2773 1215 2851 pergebat,
1238 2775 1277 2833 in·

149 2874 335 2953 provinciam
364 2893 396 2934 sc
425 2873 557 2934 contulit.
608 2874 653 2936 lbi
686 2876 800 2934 interea
832 2891 887 2952 per
917 2872 946 2934 C.
976 2873 1099 2936 Fabium
1128 2874 1268 2951 legatum,

150 2976 205 3056 qui
227 2993 295 3036 cum
317 2974 413 3037 tribus
435 2974 601 3054 legionibus
624 2977 702 3036 circa
724 2974 891 3037 Narbonem
915 2972 1072 3043 hiemaret,
1096 2975 1181 3061 facile
1204 2977 1268 3052 qui·

150 3077 221 3137 dem
244 3078 274 3137 in
297 3077 353 3137 lide
377 3078 512 3139 Caesaris
539 3084 687 3139 servatum
711 3083 788 3148 erat,
816 3075 960 3155 quidquid
983 3074 1134 3136 Gallorum
1159 3084 1188 3136 et
1210 3077 1267 3137 lio·

150 3197 310 3240 manorum
332 3177 373 3240 ibi
396 3177 536 3258 degebat:
567 3185 671 3239 contra
693 3176 892 3240 Massilienses
916 3196 982 3238 cum
1006 3178 1116 3238 frustra
1138 3180 1268 3257 primum

150 3288 340 3360 sperassent,
369 3279 435 3342 ior'e
459 3288 505 3350 ut,
537 3280 608 3342 dum
639 3298 727 3340 omne
754 3280 913 3359 imperium
942 3279 1108 3340 Romanum
1137 3281 1167 3340 in
1196 3281 1268 3342 duas

149 3389 254 3463 partes
276 3382 402 3443 divisum
425 3389 515 3452 esset,
539 3384 613 3461 ipsis
635 3381 753 3450 liceret,
777 3379 872 3442 libera
896 3380 1017 3442 consilia
1040 3399 1175 3453 servare,
1199 3403 1267 3443 mox

149 3483 271 3547 adducti
300 3491 383 3552 sunt,
413 3491 446 3544 ut
473 3504 490 3545 a
516 3483 650 3563 Pompeii
676 3481 811 3562 partibus
840 3489 962 3544 starent
1013 3482 1161 3548 Admoniti
1190 3487 1268 3545 enim

148 3588 211 3646 iam
232 3586 317 3644 initio
339 3583 410 3645 belli
432 3586 618 3664 aPompeio,
643 3591 675 3646 ut
697 3603 820 3646 suorum
841 3586 873 3645 in
897 3603 949 3645 eos
971 3584 1183 3646 beneficiorum
1206 3605 1267 3668 me·

148 3705 254 3749 mores
281 3694 394 3756 essent,
423 3693 527 3766 postea
555 3707 572 3748 a
600 3686 632 3747 L.
657 3686 784 3748 Vibullio
806 3686 898 3756 Nulo,
929 3687 979 3764 qui
1005 3688 1077 3747 item
1105 3687 1225 3749 Corfinii
1252 3709 1268 3749 a

149 3791 279 3852 Caesare
303 3796 333 3848 et
354 3796 457 3868 captus
480 3795 511 3849 et
532 3788 671 3849 dimissus
694 3795 766 3858 erat,
790 3788 950 3850 Domitium
974 3795 1073 3850 autem
1095 3808 1266 3868 praecesse·

148 3897 208 3960 rat,
231 3891 360 3971 permoti
383 3897 476 3966 erant,
501 3901 534 3952 ut
555 3898 656 3970 portas
674 3890 856 3952 Caesarianis
879 3890 1052 3951 clauderent
1067 3897 1266 3969 expectantes,
1315 3925 1326 3949 s

148 3993 223 4053 dum
251 3994 317 4072 ipse
345 3991 491 4055 llomitius
520 3992 556 4055 ad
584 3992 791 4054 sustinendum
813 3992 924 4054 bellum
947 4000 1082 4072 apertum
1106 3991 1265 4050 adveniret.

148 4096 235 4167 Quae
257 4094 309 4154 ubi
330 4095 461 4174 primum
484 4094 591 4156 Caesar
619 4097 778 4174 comperit,
807 4113 874 4155 cum
897 4095 955 4155 iam
979 4095 1141 4161 statuisset,
1170 4099 1203 4152 ut
1231 4111 1267 4150 ex

146 4194 306 4284 occidente
329 4197 412 4284 prius
435 4196 631 4275 Pompeianos
653 4195 778 4275 pelleret
804 4213 892 4274 quam
921 4197 1018 4274 ipsum
1041 4194 1213 4272 Pompeium
1236 4196 1266 4253 in

220 4414 262 4482 11)
283 4414 363 4467 Caes.
381 4417 408 4468 b.
428 4431 452 4466 c.
472 4418 496 4482 1,
515 4417 539 4466 6.
564 4415 623 4469 Cic.
643 4416 810 4475 adlamlss,
825 4417 864 4467 12.
890 4414 965 4465 Suet.
985 4411 1067 4466 Caes.
1084 4415 1126 4466 al.
1156 4414 1228 4467 Nero
1241 4417 1266 4466 2.
