3148 5160
512 466 596 524 nnus
618 467 648 522 ll.
692 467 799 523 CAPVT
822 469 852 524 ll.
1179 473 1241 535 229

118 634 187 694 inde
212 633 492 714 comprehenderis,
517 635 666 714 quomodo
688 637 754 696 lieri
775 637 922 715 potuerit,
952 644 985 696 ut
1007 654 1077 698 suos
1099 644 1241 717 patronos

118 735 266 814 llagitaret
287 734 373 815 plebs
395 736 523 806 urbana,
553 755 623 798 suos
645 739 712 817 pagi
735 739 863 817 vicique;
895 745 958 799 erat
981 739 1059 800 enirn
1082 757 1241 801 munerum

118 835 361 916 tributorumque
384 837 554 899 distributio
576 838 630 898 alia
654 840 711 900 iam
733 841 765 898 in
780 839 904 920 oppidis,
928 839 983 900 alia
1005 842 1037 900 in
1060 841 1147 919 agris,
1173 859 1241 902 cum

119 941 170 1018 qui
191 940 230 1018 in
248 927 363 1019 oppidis
386 946 484 1009 erant,
514 940 625 1001 tributo
648 942 835 1021 potissimum
857 943 960 1021 capitis
982 942 1108 1002 subiecti
1130 949 1239 1012 essent,

52 1059 59 1070 ‘
118 1043 169 1121 qui
192 1041 223 1100 in
247 1043 334 1120 agris,
358 1041 471 1102 tributo
493 1041 557 1112 soli,
582 1041 661 1104 unde
677 1044 782 1104 tamin
798 1042 889 1104 rebus
905 1042 1133 1123 municipalibus
1149 1062 1239 1123 quam

117 1142 263 1204 adversus
289 1142 438 1223 publicam
466 1143 751 1205 administrationem
779 1163 867 1224 saepe
896 1152 1030 1224 separata
1059 1152 1123 1206 erat
1149 1147 1239 1206 rusti·

117 1264 224 1306 corum
247 1244 490 1325 urbanorumque
513 1264 639 1307 caussa·
674 1246 794 1308 Rustica
823 1253 920 1307 autem
948 1245 1033 1326 plebs
1057 1266 1125 1352 cpm
1147 1246 1239 1308 divisa

118 1352 198 1408 esset
219 1347 303 1426 pagis
325 1349 470 1427 vicisque,
494 1354 636 1426 patronos
659 1348 815 1426 cooptabat
837 1350 965 1428 pagatim
988 1349 1172 1428 vicatimque,
1196 1355 1239 1408 at-

117 1468 175 1528 que
200 1449 268 1528 quia
295 1451 415 1510 rusticis
443 1468 511 1510 oum
539 1449 768 1529 municipalibus
794 1458 862 1511 ante
892 1450 989 1510 omnia
1019 1449 1239 1528 magistratibus

116 1557 179 1612 erat
208 1549 371 1628 agendum,
395 1558 629 1612 consentaneum
653 1558 731 1621 erat,
756 1571 792 1612 cx
814 1550 1028 1630 insignioribus
1051 1550 1237 1632 municipali-

6 1729 7 1736 *
116 1651 188 1720 bus,
226 1653 277 1730 qui
315 1650 478 1713 honoribus
512 1654 694 1735 ipsigluncti
729 1660 827 1724 erant,
862 1673 967 1715 eorum
1000 1654 1068 1732 eligi
1099 1660 1239 1734 patronos

116 1754 245 1814 maxime
273 1752 397 1816 idoneos
424 1754 460 1816 ad
489 1753 705 1815 defendendam
734 1757 763 1816 iu
791 1755 1073 1860 curia·muuicipali
1102 1774 1238 1817 caussam

116 1854 280 1916 clientium.

498 2086 528 2138 6.
572 2084 623 2140 Da
643 2083 853 2140 muneribus.

131 2219 139 2284 ἶ
202 2247 247 2310 db
274 2246 439 2324 honoribus
467 2266 590 2309 munera
618 2250 659 2309 ita
683 2248 837 2319 differunt,
866 2253 898 2308 ut
926 2247 1022 2307 bonor
1052 2247 1238 2327 municipalis

6 2361 8 2426 t
115 2350 154 2410 sit
187 2347 403 2410 administratio
436 2349 618 2429 reipublicae
653 2369 721 2412 cum
760 2349 911 2428 dignitatis
947 2349 1041 2428 gradu
1076 2351 1137 2410 sive
1170 2367 1238 2410 cum

115 2456 239 2530 sumptu
266 2451 327 2511 sire
355 2453 420 2512 sine
449 2453 619 2528 erogatione
648 2454 837 2530 contingens,
866 2471 976 2513 munus
998 2451 1128 2521 dicatur,
1159 2451 1237 2530 quod

6 2557 7 2560 ’
115 2554 182 2632 quis
205 2553 236 2612 in
259 2551 490 2615 administranda
512 2552 664 2632 republica
693 2573 760 2616 cum
789 2561 908 2634 sumptu
938 2555 1002 2615 sine
1030 2554 1117 2614 titulo
1141 2553 1236 2632 digni-

7 2713 9 2730 ,
114 2656 183 2718 tatis
208 2651 355 2733 subit¹⁶⁶l
400 2655 533 2728 Quorum
557 2674 715 2716 munerum
739 2659 885 2717 rationem
908 2663 940 2717 ut
968 2662 1049 2716 recte
1071 2654 1236 2733 intellegas,

113 2754 276 2818 videndum
299 2765 357 2826 est,
389 2776 448 2836 quo
476 2756 564 2817 modo
592 2759 710 2836 imperii
732 2756 857 2818 Romani
886 2758 1047 2837 municipia
1070 2759 1236 2818 communis

7 2873 8 2932 ζ
114 2858 381 2919 administrationis
403 2865 541 2937 sumptus
562 2859 700 2918 fecerint.

7 3027 8 3044 ἶ
200 2959 238 3020 nt
259 2961 390 3038 primum
412 2959 531 3039 quidem
553 2961 584 3020 in
607 2960 736 3040 antiquis
758 2960 927 3038 municipiis
948 2958 1016 3019 ideo
1040 2957 1235 3037 simpliciores

8 3135 9 3138 Ἴ
114 3081 205 3142 quam
228 3061 305 3140 apud
329 3080 383 3122 nos
407 3068 492 3122 erant
513 3067 650 3141 sumptus
672 3061 948 3130 administrationis
980 3059 1058 3140 quod
1082 3064 1112 3119 et
1133 3077 1237 3119 omnes

113 3164 305 3242 magistratus
327 3164 418 3240 gratis
441 3163 538 3224 officio
561 3181 615 3224 suo
637 3162 840 3241 iungebantur
867 3168 897 3222 et
924 3180 957 3222 ea
987 3180 1106 3241 quoque
1129 3161 1233 3229 officia,

114 3283 191 3344 quae
227 3263 291 3325 aliis
325 3283 414 3343 quam
445 3263 668 3343 magistratibus
701 3264 860 3328 ordinariis
893 3262 1116 3342 competebant,
1145 3263 1237 3340 gratis

113 3365 364 3444 suscipiebantur.
411 3365 477 3436 Quo
499 3365 631 3427 secundo
654 3366 820 3426 officiorum
841 3383 951 3444 genere
975 3365 1144 3426 efficiuntur
1160 3383 1236 3453 quae

114 3468 256 3529 dicuntur
278 3485 403 3528 munera
426 3466 601 3546 personalia.
647 3467 807 3528 Personale
829 3469 907 3528 enim
930 3485 1039 3528 munus
1068 3474 1126 3536 ost,
1156 3465 1236 3546 qnod

114 3568 308 3649 corporibus,
337 3567 440 3629 labore
462 3586 530 3629 cum
553 3568 750 3630 sollicitudine
773 3570 862 3630 animi
885 3587 918 3629 ac
940 3568 1087 3646 vigilantia
1111 3569 1235 3646 suscipi·

114 3665 238 3746 tur-1⁶⁷),
275 3688 440 3748 eorumque
467 3688 628 3732 munerum
654 3689 737 3731 mere
765 3670 966 3751 personalium
994 3669 1128 3750 exempla
1156 3675 1235 3736 sunt,

113 3773 138 3832 si
161 3772 212 3832 cui
233 3770 342 3850 legatio
364 3770 522 3832 mandatur
544 3770 580 3832 ad
595 3773 761 3852 principem
782 3791 814 3833 ea
837 3772 1021 3840 condicione,
1046 3778 1078 3832 ut
1100 3777 1236 3849 sumptus

112 3873 228 3933 itineris
253 3871 404 3933 solvantur
427 3891 443 3932 a
466 3869 698 3953 municipio¹⁶⁸),
723 3875 784 3934 sivo
805 3875 940 3953 inquom
963 3892 1033 3934 cura
1050 3869 1236 3932 custodiendi

114 4045 375 4052 -—.--.....—.-......-..
396 4047 404 4049 -
414 4046 419 4051 .

182 4159 243 4224 166)
262 4160 294 4213 L.
314 4162 347 4210 14
363 4176 403 4226 pr.
423 4161 446 4222 §.
466 4162 479 4209 1
498 4160 566 4226 Dig.
584 4160 617 4211 de
636 4175 739 4211 muner.
760 4165 788 4210 et
805 4160 900 4213 bonor.
919 4157 972 4224 (50,
990 4159 1027 4222 4).
1236 4185 1256 4217 μ

182 4245 242 4306 167)
260 4245 294 4296 L.
314 4247 327 4293 1
347 4245 372 4306 ἕ.
390 4249 406 4294 3
428 4245 494 4311 Dig.
514 4244 547 4294 de
566 4261 671 4298 muner.
691 4249 720 4294 et
737 4245 833 4295 honor.

181 4327 243 4395 168)
267 4329 340 4380 Plin.
366 4330 448 4395 epist.
473 4331 517 4392 10,
537 4331 569 4380 27
595 4330 690 4394 Gtera’p.
725 4331 808 4380 L..18
832 4330 856 4390 ξ.
881 4331 912 4378 12
934 4328 999 4394 Dig.
1023 4327 1057 4378 de
1079 4341 1184 4380 muner.
1208 4330 1236 4376 et

110 4415 206 4468 honor.
509 4410 511 4414 ’
