3124 5168
504 466 867 525 autuonsomo&
1199 471 1238 533 65

118 637 227 695 videtur
241 637 309 695 haec
323 638 474 701 restitutio,
491 647 574 712 atque
588 637 680 695 malim
695 637 802 695 litteras
817 648 893 696 Moti
913 656 1010 738 perse
1025 638 1099 696 soles
1115 655 1174 696 esse
1189 655 1240 712 po·

119 713 272 798 νομάχων,
293 725 322 779 in
343 723 443 781 litteris
458 726 611 778 MANPON
632 729 723 780 autem
743 723 830 782 latere
845 725 938 781 nescio
955 742 1035 798 quam
1050 726 1167 800 speciem
1182 723 1239 798 gla-

63 813 70 828 *
119 809 267 865 diatonum
300 808 394 865 Lectio
415 824 479 865 vero
497 791 666 880 Ἀνηίπολις
687 801 737 862 ool
759 825 788 862 oc
782 803 920 865 πολῖται
942 809 1018 866 nullo
1040 809 1122 866 modo
1145 817 1240 884 potest

55 903 57 906 ·
118 893 197 956 lerri,
220 893 354 968 siquidem
375 892 485 950 titulum
508 892 561 949 hoc
582 893 663 950 modo
679 902 759 968 putas
774 894 909 968 incepisse
924 902 1014 969 neq'ne
1030 910 1125 951 versus
1140 893 1239 950 desunt

117 981 281 1035 anteriores.
313 979 349 1034 lle
363 978 531 1053 gladiatoriis
546 977 654 1034 velariis
669 979 711 1035 cir
697 997 720 1036 r.
736 979 793 1034 lnd.
809 979 842 1036 ad
857 979 901 1034 Or.
918 997 944 1054 p.
962 982 1018 1036 189.

355 1126 489 1178 Insula
506 1125 603 1179 Lero
627 1125 679 1192 (Ite
697 1129 729 1178 de
748 1127 801 1178 Ste.
822 1125 1002 1194 Marputotte).

203 1254 261 1308 316.
294 1251 339 1306 ‘In
361 1251 442 1325 cippo
463 1266 615 1307 marmoreo
636 1250 736 1308 effosso
760 1251 788 1306 in
808 1251 898 1308 insula
913 1250 951 1308 St.
967 1250 1129 1324 Margarita’
1154 1245 1238 1322 Cdrp.

115 1336 213 1394 Inscr.
232 1336 282 1394 Gr.
1042 1395 1043 1408 ¹

103 1457 107 1466 '
197 1443 296 1530 Ὑπὲρ
311 1449 370 1532 τῆς
384 1449 568 1532 σωτηρ(ίας)
835 1452 893 1512 Pro
917 1451 1012 1514 salute

116 1549 286 1634 Μάρκου)
300 1547 440 1614 Ἰουλίου
456 1551 623 1632 difflues,
749 1553 786 1614 M.
811 1552 887 1637 lulli)
911 1554 1058 1636 Ligur(is)*
1099 1623 1102 1634 ,

118 1647 288 1738 ἐπιτρόπῳ
303 1653 505 1736 Καίσ(αρος),
748 1653 973 1738 prociuratoris)
997 1655 1152 1736 lugiusti).

112 1750 322 1838 Ἀγαθοκλῆς

203 1855 324 1931 δοῦλος
378 1844 384 1855 N
818 1935 819 1938 Ἰ
1006 1843 1009 1850 Α
1274 1887 1289 1934 5

118 1953 243 2042 εὐχ(ἦν)
267 1953 439 2042 ἄπέ(δωκε)
462 1960 564 2021 Πανί.

203 2066 283 2141 Corp.
299 2067 382 2123 lnscr.
399 2065 442 2122 (ir.
464 2084 490 2122 n.
507 2069 574 2120 6777
590 2082 622 2121 ex
637 2067 735 2130 Millin,
751 2066 850 2140 Magne.
869 2067 972 2142 encycl.
989 2084 1050 2124 ann.
1069 2071 1142 2128 1818.
1160 2076 1179 2122 t.
1196 2066 1237 2122 Vl.

117 2169 144 2226 p.
161 2154 220 2206 150.
249 2151 444 2226 Supplementa
459 2159 523 2207 sunt
538 2151 652 2208 Franzii.
755 2207 776 2265 ,κ

360 2298 497 2351 Insula
514 2298 656 2351 Lerina
674 2299 727 2364 (Ite
745 2302 777 2351 de
795 2301 834 2350 St.
854 2297 997 2367 Honorat).

203 2426 261 2479 317.
290 2422 592 2500 Inscriptiooolumnae
609 2421 675 2499 (sive
690 2427 762 2500 cippi
778 2423 925 2497 rotundil).

204 2538 294 2599 Consi
282 2541 396 2599 tantine
419 2541 552 2618 Augusto
574 2537 658 2622 Divlil
685 2536 688 2621 l
715 2541 865 2602 Constanti
878 2544 925 2615 lit·
913 2557 951 2601 to·

202 2643 323 2718 Prosper
338 2643 471 2708 lle'rimde,
486 2645 569 2702 Notes
584 2646 649 2703 d'un
663 2663 767 2722 voyage
782 2665 808 2720 p
822 2648 882 2702 246.

203 2781 262 2836 318
293 2780 363 2836 Sur
377 2779 403 2835 le
419 2780 487 2837 senil
502 2781 535 2837 de
549 2780 624 2839 l'une
646 2782 693 2838 des
708 2790 802 2857 portes
823 2782 857 2838 de
879 2781 904 2838 lu
926 2781 1015 2837 vieille
1035 2781 1120 2854 eglise
1136 2782 1169 2838 de
1184 2782 1239 2839 lile

115 2864 149 2922 de
165 2863 205 2920 St
222 2863 366 2922 Honorat'

203 3009 389 3023 ........
403 2960 833 3045 leeroxsibiet.....

203 3067 321 3142 Prosper
334 3067 499 3143 lle'rimeep.
515 3073 633 3126 251.-
599 3069 755 3166 -liecepi
778 3071 829 3126 hoc
845 3070 1043 3142 fragmentum,
1065 3070 1139 3143 quod
1156 3077 1238 3126 testa-

115 3161 171 3215 tur,
188 3152 301 3210 latinam
316 3153 459 3225 linguam
451 3170 480 3209 m
495 3171 527 3210 ea
541 3153 631 3212 insula
646 3154 717 3210 sicut
732 3155 760 3209 in
775 3155 834 3229 ipsa
850 3154 972 3229 Antipoli
992 3172 1053 3211 esse
1070 3162 1236 3228 usurpatam

525 3423 829 3434 ———-—----.—--

470 3656 531 3754 Χζ
583 3659 884 3758 ARELAS.
951 3688 953 3691 ·

335 3845 438 3909 (Aries,
463 3848 638 3910 department
656 3850 701 3897 deu
718 3847 838 3898 Boucdes
856 3850 889 3899 du
907 3846 1019 3913 utone.)

204 4116 331 4196 Lapides
358 4117 545 4180 Arelatenses
573 4119 664 4180 Millin
694 4119 764 4179 vidit
791 4122 823 4180 in
852 4121 934 4182 curia
964 4118 1061 4188 urhis,
1093 4121 1124 4178 in
1151 4118 1239 4178 dormo

116 4218 375 4298 archiepiscopali,
400 4219 580 4298 perplures
603 4221 708 4281 domos
730 4223 873 4299 privatae,
902 4223 932 4282 in
956 4221 1067 4298 eampis
1090 4236 1165 4296 quos
1187 4239 1237 4279 vo·

116 4327 187 4382 cant
209 4319 364 4400 Elysaeos,
394 4322 424 4380 in
454 4323 634 4383 monasterio
662 4322 800 4383 Fratrum
829 4321 1033 4391 Minimorum,
1062 4322 1093 4381 in
1117 4321 1240 4384 ecclesia
1276 4327 1281 4336 “

116 4422 250 4500 denique
272 4423 407 4485 eiusdem
429 4424 601 4484 monasterii
622 4423 701 4484 Scio.
719 4423 870 4485 Honorato
894 4423 1036 4494 dedicata,
1060 4425 1145 4484 cuius
1168 4443 1240 4503 pars

169 4554 290 4608 Herzog,
306 4554 390 4596 Galliae
404 4554 470 4599 Narb.
486 4556 553 4599 deser.
1021 4531 1040 4592 5
