3154 5162
318 493 378 555 126
706 491 791 550 Plus
813 493 843 549 ll.
880 492 986 550 cniva
1009 493 1028 549 l.

315 659 407 729 libus,
436 657 526 720 altera
556 666 674 738 reperta
702 661 779 720 inter
811 661 892 738 ipsas
921 660 1030 720 veteris
1064 658 1165 739 oppidi
1192 659 1293 719 ruinas
1324 657 1440 718 donum

316 767 530 821 commemorat
552 761 653 821 datum
675 764 785 822 colonis
812 769 841 821 et
860 763 977 829 meotis,
1009 761 1140 840 priorem
1168 759 1288 840 quidem
1316 759 1439 820 titulum

316 861 387 923 nihil
418 862 515 924 obstat
550 882 609 942 quo
641 864 739 923 minus
775 864 1008 942 interpretemur
1036 863 1157 922 decreto
1185 861 1438 922 Nemausensinm

316 964 510 1026 decurionum
534 964 569 1025 ab
597 963 742 1024 aedilibus
764 962 1015 1026 Nemausensibus
1043 982 1110 1026 esse
1137 964 1282 1042 positum;
1313 962 1439 1023 alteram

316 1084 385 1126 vero
410 1066 454 1146 (n.
480 1063 534 1146 87)
557 1068 781 1146 inscriptionem
809 1067 866 1128 nisi
893 1065 930 1126 de
953 1065 1065 1126 colonis
1088 1072 1118 1125 ct
1139 1065 1244 1126 incolis
1266 1066 1361 1143 ipsius
1383 1084 1437 1144 op-

315 1168 378 1246 pidi
399 1187 458 1229 non
482 1187 569 1248 posse
591 1167 723 1246 intellegi
744 1165 826 1228 nullo
848 1167 936 1228 modo
958 1168 1137 1245 negaverim,
1161 1167 1214 1227 scd
1236 1185 1305 1226 cum
1328 1168 1360 1226 in
1375 1168 1438 1246 pri-

316 1288 368 1330 ore
391 1269 476 1331 titulo
498 1270 633 1331 vocabuli
655 1287 780 1331 cocrare
800 1271 895 1330 lorma
918 1275 1043 1330 aetatem
1060 1271 1131 1330 satis
1151 1269 1303 1347 antiquam
1317 1267 1437 1346 probet,

315 1373 346 1431 in
369 1370 460 1431 altera
482 1389 552 1432 veru
575 1373 769 1451 inscriptione
795 1369 868 1432 nihil
891 1374 943 1440 sit,
974 1371 1053 1450 quod
1081 1389 1141 1430 non
1169 1372 1344 1450 posterioris
1372 1371 1440 1430 aevi

315 1474 411 1552 possit
432 1491 513 1542 csse,
538 1480 674 1552 apparet,
699 1473 797 1550 aliquo
818 1480 954 1552 tempore
976 1480 1043 1551 post
1064 1473 1230 1550 Augustum
1251 1473 1363 1533 nescio.
1378 1489 1440 1549 qua

316 1591 421 1635 caussa
451 1573 538 1635 huuc‘
564 1577 659 1635 vicum
689 1576 736 1636 sui
763 1577 837 1635 iuris
864 1575 975 1634 lactum
1004 1581 1034 1634 et
1061 1573 1194 1635 coloniae
1222 1575 1346 1634 nomine
1369 1591 1440 1634 esse

316 1677 516 1736 constitutum.
567 1677 603 1737 At
636 1674 715 1752 quod
742 1677 773 1736 in
808 1678 910 1737 notitia
938 1677 1157 1754 provinciarum
1185 1675 1298 1737 Galliae
1325 1693 1440 1735 nomen

317 1777 517 1837 Sextantionis
540 1776 637 1846 deest,
668 1777 818 1848 videmus,
847 1784 953 1855 quarto
982 1779 1084 1854 utique
1106 1796 1135 1856 p.
1160 1776 1213 1838 Cb.
1237 1776 1357 1838 saeculo
1379 1776 1441 1836 boc

231 1931 235 1940 .
316 1879 438 1939 civitatis
460 1880 506 1938 ius
527 1881 636 1941 iterum
659 1898 726 1941 esse
750 1879 908 1941 sublatum.
931 1913 975 1924 -
996 1879 1118 1940 Praeter
1135 1879 1361 1960 Sextantionem
1383 1878 1438 1938 dc·
1465 1921 1471 1932 .

314 1980 398 2050 inde,
422 1980 598 2050 Andusiam,
630 1981 781 2058 Ugernum
803 1986 997 2043 recensentur
1019 1979 1122 2041 inille
1144 1982 1279 2040 vicorum
1302 1979 1440 2058 catalogo

316 2084 377 2142 sivo
404 2082 556 2142 itinerario
579 2083 734 2160 Brugetia,
765 2082 907 2152 Tedusia,
933 2083 1067 2150 Vatrute,
1092 2082 1247 2159 Briginna,
1273 2081 1439 2149 Statumae,

315 2185 451 2254 Virinna,
483 2184 664 2262 Segusiona,
696 2192 725 2245 et
752 2191 928 2262 repetuntur
950 2186 980 2244 in
1003 2183 1093 2244 simili
1113 2184 1310 2263 inscriptione
1333 2181 1441 2243 celtica

316 2284 355 2364 (n.
379 2281 453 2362 249)
478 2284 628 2345 Statumae
659 2292 688 2345 et
715 2285 858 2354 Vatrude;
889 2303 987 2362 neque
1014 2303 1085 2345 vero
1114 2284 1194 2346 ullus
1222 2303 1258 2345 ex
1288 2283 1336 2344 his
1363 2282 1441 2344 locis

315 2387 450 2446 certioris
474 2395 519 2446 est
541 2388 624 2447 situs,
670 2386 751 2458 Quae
773 2405 843 2447 vero
866 2385 1022 2466 permultis
1050 2387 1124 2448 locis
1147 2389 1212 2448 eius
1235 2387 1367 2464 regionis
1391 2387 1440 2446 in-

315 2488 474 2547 veniuntur
496 2487 610 2567 lapides
632 2489 781 2568 inscripti,
811 2490 930 2549 nomina
953 2507 1013 2548 uon
1036 2484 1242 2567 suppeditant,
1274 2489 1334 2548 nisi
1357 2487 1442 2564 quod

314 2590 345 2647 iu
368 2606 428 2647 uno
459 2587 497 2670 (n.
522 2585 593 2666 261)
616 2589 752 2667 Adgcntii
774 2597 1058 2659 commemorantur,
1087 2606 1217 2669 quorum
1245 2590 1330 2649 vicus
1357 2589 1442 2648 inter

314 2687 495 2750 Nemausum
523 2696 552 2749 et
579 2690 731 2767 Ugernum
760 2691 875 2752 videtur
904 2693 1006 2753 luisse.
1052 2691 1164 2752 lleinde
1194 2690 1314 2767 quoda
1338 2689 1441 2750 Ptole·

254 2845 258 2857 ,
315 2807 400 2849 maco
429 2789 524 2851 solum
552 2798 671 2870 praeter
700 2792 881 2853 Nemausum
908 2794 1087 2854 Arecomicis
1121 2791 1264 2852 tribuitur
1293 2791 1441 2869 oppidum

315 2892 499 2979 Vicomagus,
524 2895 638 2954 etiamsi
660 2895 706 2954 ius
729 2895 851 2954 civitatis
873 2912 933 2954 non
949 2891 1060 2964 babuit,
1084 2891 1213 2953 nobilior
1233 2894 1338 2970 utique
1353 2892 1443 2953 locus

313 2993 476 3056 Ptolemaei
497 3001 592 3056 aetate
614 2996 684 3064 luit;
710 2994 761 3055 ubi
784 3013 853 3054 vcro
869 2993 1059 3055 collocandus
1074 2997 1120 3065 sit,
1144 2993 1309 3073 geographi
1330 3013 1443 3054 recen·

226 3098 250 3114 ”·
312 3096 418 3165 tiores,
447 3113 627 3175 quamquam
655 3104 688 3157 ut
710 3095 864 3157 commode
892 3095 1087 3165 collocarent,
1118 3113 1238 3156 omnem
1268 3099 1349 3157 circa
1378 3097 1443 3156 Ne-

198 3183 200 3188 ’
313 3213 451 3256 mausum
472 3198 625 3273 regionem
647 3196 875 3276 perlustrarunt,
899 3216 960 3258 non
982 3205 1146 3276 potuerunt
1162 3217 1280 3258 eruere.
1304 3231 1348 3243 —
1371 3198 1445 3258 Huc

314 3295 460 3356 accedunt.
482 3315 517 3355 ex
539 3299 713 3358 itinerariis:
737 3297 932 3360 Ambrussum
957 3299 1028 3382 (itin.
1046 3317 1075 3378 p.
1094 3305 1164 3366 389.
1186 3303 1247 3367 396
1272 3302 1446 3360 PontAm-

312 3396 395 3455 bruis
417 3397 477 3456 sive
500 3399 634 3460 Ambrois
661 3400 731 3459 Anr.
756 3418 784 3478 p.
810 3403 850 3466 63
872 3401 928 3479 sq.)
942 3396 994 3477 ¹⁵),
1023 3401 1103 3461 Pons
1125 3401 1268 3472 Aerarius
1298 3401 1337 3480 (p.
1363 3406 1443 3471 552,

312 3515 407 3575 prope
429 3497 634 3574 Belleqorde?
662 3501 732 3561 Aur.
762 3518 793 3579 p.
817 3497 910 3579 554),
940 3503 1064 3561 mutatio
1094 3509 1209 3563 remota
1240 3521 1256 3562 a
1285 3503 1445 3564 Nemauso

312 3615 352 3657 m.
375 3616 404 3675 p.
428 3599 496 3668 Xll,
521 3601 557 3660 ab
579 3601 696 3662 Arelate
719 3599 796 3670 Vlll,
826 3602 937 3662 Forum
960 3602 1080 3662 Domitii
1107 3604 1185 3665 inter
1209 3604 1446 3665 Sextantiouem
1512 3607 1514 3612 '

213 3753 215 3758 .
313 3704 343 3758 et
364 3697 573 3770 Cesseronem‚
597 3713 647 3761 m.
661 3721 689 3780 p.
714 3701 765 3762 XV
787 3702 824 3762 ab
846 3702 911 3772 illo,
941 3702 1032 3763 XVlll
1054 3704 1090 3764 ab
1113 3704 1171 3764 boc
1195 3705 1262 3766 loco
1285 3713 1446 3767 remotum

313 3799 510 3880 (Fronttpnoc
532 3801 625 3861 Voles.
649 3821 678 3880 p.
704 3808 780 3870 199;
810 3803 880 3863 lnv.
905 3809 1061 3871 319—21
1092 3806 1241 3867 incertum
1271 3805 1443 3886 relinquit).

311 3900 467 3962 Praeterea
489 3901 631 3979 lgatbam
655 3900 758 3983 (Ande)
782 3921 916 3981 quoque,
944 3904 1174 3967 Massiliensium
1204 3908 1360 3984 qsrondam
1385 3928 1445 3988 op-

310 4001 413 4081 pidum
437 4002 473 4062 a'd
494 4004 614 4063 Arauris
637 4005 709 4064 ostia
732 4005 820 4065 situm
842 4023 913 4083 agro
928 4005 1124 4068 Nemausensi
1140 4008 1340 4070 attribuerim.
1383 4011 1446 4072 Ca-

309 4102 371 4163 lum
395 4121 465 4162 vero
488 4111 518 4163 et
541 4105 687 4165 civitatem
709 4104 906 4183 Megalonam,
937 4125 1013 4186 quae
1041 4107 1106 4169 loca
1135 4129 1151 4170 a
1179 4110 1356 4191 geograpbo
1381 4112 1446 4174 Ra'-

379 4337 420 4401 15)
440 4339 528 4402 Prope
541 4340 739 4391 PontAmbruie
756 4341 891 4406 reliquiae
911 4343 1040 4395 dicuntur
1059 4360 1120 4397 esse
1137 4349 1245 4398 veteris
1264 4349 1370 4413 pontis,
1391 4365 1451 4415 per

311 4433 390 4482 quem
413 4421 536 4471 Videorle
554 4423 630 4474 rivus
648 4424 839 4475 traiciebetur.
869 4426 937 4478 Anv.
957 4427 976 4481 l.
996 4431 1043 4480 cit.
