3154 5162
333 470 374 536 14
561 549 565 557 .
718 468 802 526 raas
823 469 841 527 1.
885 468 991 528 11111
1014 467 1045 526 u.

241 677 245 684 ·
333 636 462 715 spatium
484 653 523 698 ne
544 652 634 698 unam
657 635 777 714 quidem
800 635 906 700 urbem
926 634 1028 698 ltalieo
1043 637 1107 698 sive
1121 636 1235 698 Graeco
1257 657 1342 700 moro
1363 636 1451 702 babi-

334 743 422 798 tatam
444 735 627 808 inveniebat,
659 738 732 802 nibil
753 740 811 802 nisi
833 739 942 820 oppida
969 738 1018 802 illa
1040 737 1150 802 Gallica
1179 757 1215 800 ex
1241 737 1348 817 ligneis
1371 741 1452 802 casis

333 841 498 919 composita
515 847 544 901 et
560 842 641 902 omni
657 839 740 904 cultu
763 842 908 912 carentia,
931 843 962 902 in
985 843 1081 921 iisque
1102 840 1247 920 populum
1268 860 1452 922 oppressum

333 940 371 1002 ab
393 944 519 1013 exteris,
543 943 709 1022 desperatis
729 941 816 1004 bellis
837 943 946 1006 fessam
970 951 1000 1004 et
1019 945 1102 1004 omni
1124 942 1302 1004 humaniore
1327 943 1451 1022 publico

331 1043 467 1106 instituto
489 1046 643 1123 privatam.
688 1045 731 1107 Ex
759 1061 817 1122 qua
844 1046 1013 1124 provinciae
1041 1044 1245 1107 Narbonensis
1272 1045 1452 1110 eondieione

333 1145 404 1224 quid
426 1147 494 1207 novi
514 1148 592 1208 iutra
613 1165 725 1228 pauoos
747 1165 841 1210 annos
865 1148 952 1210 unius
974 1148 1029 1208 riri
1050 1146 1173 1208 eonsssio
1195 1154 1283 1228 atque
1304 1149 1453 1210 institutis

335 1249 481 1318 evenerit,
504 1250 563 1312 iam
586 1251 643 1313 erit
664 1248 833 1312 videndum.

739 1524 1041 1534 ...Ἥ-μ-

794 1765 916 1836 ceput
933 1765 988 1822 11.

438 1924 488 1985 De
510 1925 689 2006 provinciae
711 1923 925 1986 Narbonensis
948 1924 1045 1984 forme
1067 1943 1086 1982 a
1107 1923 1186 1984 Iulio
1210 1923 1342 1986 Caesare

695 2045 726 2107 et
746 2035 886 2114 Augusto
910 2035 1086 2096 constituta.

418 2309 495 2394 Quo‘
513 2329 646 2404 tempore
669 2324 699 2384 C.
723 2321 816 2385 lulius
839 2323 947 2386 Caesar
973 2342 1029 2407 pro
1057 2322 1179 2384 consule
1205 2325 1234 2384 in
1265 2325 1452 2402 provinciam

333 2425 413 2484 venit
435 2422 663 2502 Transalpinam
692 2426 754 2484 sive
781 2426 865 2487 initio
892 2427 963 2486 anni
985 2445 1010 2486 a.
1035 2424 1087 2486 Ch.
1112 2431 1151 2492 58
1180 2445 1195 2486 a
1218 2424 1333 2486 duabus
1355 2428 1453 2505 parti·

333 2524 448 2610 busin
477 2542 652 2602 magnorum
681 2524 829 2586 bellorum
856 2525 991 2605 periculo
1019 2533 1164 2587 versatam
1193 2545 1257 2588 eam
1287 2544 1352 2586 esse
1376 2527 1453 2588 vidi-

333 2644 409 2695 mus
434 2626 471 2686 ab
486 2625 636 2696 Helvetiis,
661 2629 712 2708 qui
735 2646 751 2687 e
775 2629 836 2688 suis
858 2627 978 2689 sedibus
1001 2629 1151 2706 egressuri
1173 2628 1342 2708 provinciae
1359 2630 1453 2690 terri·

334 2729 410 2788 torio
432 2727 643 2798 imminebant,
674 2736 703 2789 et
725 2729 762 2790 ab
783 2731 930 2791 Ariovisto
953 2730 1169 2792 Germanorum
1192 2729 1282 2799 duce,
1308 2731 1358 2807 qui
1382 2749 1454 2790 eum

334 2829 508 2891 ulteriorem
531 2828 653 2896 Galliam
675 2832 715 2892 ita
737 2831 768 2892 in
790 2850 873 2892 suam
898 2831 1039 2893 ditionem
1056 2815 1230 2900 vindicaret,
1254 2839 1287 2893 ut
1308 2831 1455 2894 Romanis

334 2949 368 2992 ea
391 2933 508 3012 penitus
530 2932 738 3003 interdioeret,
762 2951 885 2995 neeesse
909 2939 972 2995 erat
994 2952 1062 2993 eum
1084 2934 1121 2993 iis
1144 2932 1326 3010 confligeret.
1372 2931 1453 2994 Con·

334 3041 390 3096 stat
413 3040 513 3096 autem
541 3053 601 3095 non
630 3033 726 3096 solum
749 3035 952 3097 Helvetiorum
979 3036 1037 3095 iam
1059 3036 1189 3115 primum
1211 3035 1354 3118 impetum
1377 3035 1454 3097 Cae·

334 3138 409 3197 saris
430 3137 537 3196 virtute
560 3156 576 3197 a
599 3138 768 3215 provinciae
790 3137 897 3198 finibus
920 3154 987 3197 esse
1002 3135 1194 3216 prohibitum,
1218 3135 1272 3198 sed
1295 3139 1384 3197 etiam
1410 3139 1454 3197 ei·

334 3237 401 3296 dem
424 3238 542 3298 Caesari
566 3239 740 3316 contigisse,
771 3246 802 3300 ut
830 3239 1045 3300 Germanorum
1077 3255 1196 3317 quoque
1226 3236 1337 3299 bellum
1366 3246 1455 3299 extra

333 3338 504 3415 provinciae
526 3337 601 3398 fines
624 3341 688 3400 sine
709 3338 771 3401 ullo
794 3339 882 3400 buius
905 3339 1038 3420 periculo
1062 3340 1229 3400 conficeret.
1276 3340 1379 3416 Neque
1397 3343 1455 3400 mi-

334 3445 529 3499 nuseonstat
552 3445 641 3520 atque
663 3442 742 3501 luter
763 3442 828 3521 ipsa
844 3441 979 3502 Caesaris
1002 3441 1079 3502 bella
1101 3441 1276 3502 aCieerone
1299 3439 1455 3502 laudatum

335 3534 418 3618 esu),
444 3557 508 3604 eam
530 3539 610 3604 buno
631 3542 842 3620 imperatorem
866 3549 1000 3606 secutum
1013 3561 1089 3604 esse
1104 3544 1259 3612 rationem,
1284 3550 1317 3603 ut
1337 3541 1455 3604 bellum

334 3640 477 3701 Gallicum
502 3660 561 3702 non
583 3663 599 3704 a
621 3645 773 3723 provincia
794 3645 997 3708 tantummodo
1020 3642 1189 3724 repelleret,
1213 3643 1265 3704 sed
1286 3642 1364 3703 ultro
1381 3642 1453 3706 Gal-

335 3741 379 3802 los
408 3739 581 3805 laeessemlo
613 3745 644 3805 in
678 3763 781 3807 eorum
815 3747 889 3808 fines
924 3748 1022 3808 omnia
1049 3743 1119 3806 belli
1152 3744 1229 3805 mala
1261 3744 1454 3805 transferret.

334 3844 375 3904 Ae
398 3849 459 3903 tum
482 3861 601 3922 quoque
624 3864 692 3907 cum
715 3849 850 3927 proxime
872 3849 1042 3928 provinciae
1064 3847 1138 3907 fines
1161 3844 1340 3914 bellaretur,
1371 3864 1456 3907 anno

335 3953 375 4012 57
399 3963 415 4004 a
438 3944 541 4007 Servio
565 3946 656 4008 Galba
679 3966 745 4007 oum
762 3949 968 4018 Nantuatibus,
992 3947 1130 4024 Veragris
1146 3946 1332 4024 Sedunisque
1354 3966 1455 4028 prope

336 4044 563 4124 Ootorlurum2),
594 4067 672 4110 anno
695 4053 735 4116 56
764 4051 836 4111 aP.
860 4051 967 4111 Crasso
993 4050 1025 4108 in
1047 4044 1241 4126 Aquitaniai),
1271 4066 1457 4128 quamquam
1570 4037 1572 4096 ἶ

1488 4157 1491 4163 ·
1570 4097 1572 4238 l

1569 4243 1572 4316 l

1481 4375 1489 4379 ’

403 4251 428 4316 1)
449 4250 507 4302 Cic.
526 4252 559 4302 de
577 4253 699 4318 provino.
719 4250 856 4303 consuler.
876 4253 917 4314 13,
935 4251 977 4302 32.

402 4335 429 4396 2)
449 4335 530 4386 Caes.
549 4337 583 4388 ds
601 4337 627 4388 b.
647 4353 673 4402 g.
692 4338 717 4402 3,
737 4337 760 4386 1.
798 4334 876 4388 Oros.
895 4335 918 4394 6,
939 4334 963 4384 8.
1000 4331 1071 4384 Plin.
1089 4332 1154 4384 hist.
1174 4336 1231 4385 net.
1250 4337 1275 4394 3,
1294 4334 1336 4388 24.

403 4417 430 4487 3)
450 4417 530 4472 Ceos.
547 4421 574 4478 b.
594 4437 621 4486 g.
639 4424 663 4485 3,
682 4420 791 4470 20-27.
