3124 5168
259 447 296 493 IV

259 598 501 680 meridionalem
514 597 643 664 visendi
659 605 691 663 et
702 598 783 662 duos
795 597 910 663 saltem
924 618 1051 664 menses
1063 596 1187 663 Maium
1200 605 1233 663 et
1245 596 1378 662 Iunium

259 721 455 786 quamquam
481 722 521 766 ne
541 700 600 766 hos
621 698 753 786 quidem
774 700 916 786 integros
938 699 989 764 his
1019 699 1135 764 studiis
1156 700 1203 764 ibi
1225 698 1377 780 vacandi,

229 794 232 802 ’
259 801 380 888 oppida
395 802 515 868 veteris
539 800 757 868 Narbonensis
779 811 1007 887 peragrantes,
1030 823 1111 888 quas
1131 801 1197 865 iarn
1219 822 1263 865 ex
1282 800 1378 864 libris

259 903 493 988 collegeramus
520 903 747 989 inscriptiones
780 925 854 968 cum
884 903 965 988 ipsis
993 903 1209 968 monumentis
1240 899 1378 967 contuli·

258 1027 347 1086 mus,
370 1027 453 1092 quae
475 1013 584 1069 autem
604 1005 770 1090 incognita
792 1013 900 1085 erant,
928 1025 1027 1090 quam
1055 1003 1300 1089 diligentissime
1322 1000 1377 1066 dc-

260 1108 457 1194 scripsimus.
503 1107 543 1171 In
568 1105 630 1171 hoc
660 1127 756 1192 opere
784 1106 925 1170 maxime
948 1127 985 1170 eo
1009 1106 1113 1171 adiuti
1134 1126 1260 1185 sumus,
1290 1101 1380 1189 quod

259 1210 294 1274 in
314 1209 492 1274 maioribus
515 1208 584 1274 eius
607 1208 749 1294 regionis
772 1207 900 1294 oppidis
922 1207 990 1272 fere
1014 1208 1163 1272 omnibus
1185 1226 1298 1270 musea
1311 1207 1379 1269 iam

259 1310 411 1375 instituta
439 1317 529 1390 sunt,
558 1312 883 1396 quo'congeruntur,
916 1330 1129 1396 quaecunque
1155 1309 1226 1373 loco
1254 1307 1380 1372 moveri

259 1419 396 1498 possunt
418 1419 625 1476 monumenta
645 1411 858 1497 antiquitatis,
881 1411 968 1497 quod
989 1411 1184 1492 institutum,
1207 1408 1304 1474 modo
1325 1429 1378 1473 ac-

260 1521 372 1579 curate
393 1521 531 1593 notetur,
554 1512 641 1577 unde
665 1513 808 1599 quidque
829 1513 1031 1598 provenerit,
1055 1533 1152 1599 quam
1174 1509 1380 1577 commodum

261 1616 304 1679 sit
325 1613 578 1700 colligentibus,
591 1635 686 1678 nemo
707 1635 772 1678 non
794 1612 964 1698 intellegit.
1008 1613 1118 1678 Nihilo
1141 1621 1249 1678 tamen
1270 1613 1380 1676 minus

260 1717 332 1781 fieri
353 1717 514 1801 potuisse,
544 1723 580 1779 ut
607 1714 759 1800 fugerent
786 1737 844 1780 nos
875 1725 1083 1780 monumenta
1109 1714 1266 1780 historica
1293 1735 1380 1800 quae

260 1818 399 1882 fuissent
420 1815 617 1904 recipienda,
639 1838 705 1881 non
725 1818 923 1904 negaverim,
947 1817 1006 1884 sed
1026 1817 1198 1882 excusabit
1219 1815 1381 1881 eiusmodi

260 1917 499 2004 neglegentiam
526 1920 625 1985 breve
653 1920 807 2005 temporis
843 1919 984 2004 spatium
1011 1919 1045 1983 in
1078 1917 1215 2004 singulis
1248 1915 1380 2003 oppidis

260 2020 354 2087 nobis
377 2041 576 2086 concessum.
622 2019 775 2085 Collectis
803 2029 911 2085 autem
938 2028 1006 2085 tam
1034 2041 1075 2084 ex
1100 2019 1193 2084 libris
1217 2040 1314 2106 quam
1337 2040 1381 2083 ex

261 2123 475 2188 monumentis
496 2123 558 2192 hoc
579 2124 674 2188 modo
697 2123 800 2189 titulis
823 2123 1053 2208 quaerebatur,
1081 2121 1241 2208 quomodo
1270 2128 1382 2184 essent

262 2225 393 2306 edendi,
427 2231 552 2306 utrum,
586 2226 671 2290 sicut
702 2225 801 2288 moris
831 2231 880 2288 est
911 2225 946 2288 in
978 2225 1105 2308 magnis
1132 2223 1381 2310 inscriptionum

261 2327 467 2413 corporibus,
502 2325 617 2391 litteris
651 2325 834 2412 quadratis,
869 2333 999 2390 servata
1026 2347 1196 2405 versuum,
1229 2344 1313 2411 quae
1344 2324 1382 2387 in

262 2429 342 2514 ipsis
364 2429 580 2493 monumentis
602 2438 652 2492 est
674 2428 902 2514 dispositione,
925 2429 1093 2514 proposita
1114 2425 1254 2514 quadam
1274 2425 1380 2512 ipsius

261 2530 460 2593 monumenti
482 2530 637 2614 imagine,
667 2551 709 2592 an
732 2528 927 2612 simpliciore
948 2530 1082 2610 ratione,
1112 2529 1242 2609 relicta,
1271 2535 1308 2591 ut
1330 2528 1380 2591 ita

263 2630 382 2712 dicam,
411 2629 516 2694 forma
537 2631 745 2695 monumenti.
794 2630 840 2695 Et
866 2629 924 2694 illa
954 2630 1084 2716 quidem
1111 2630 1218 2694 forma
1238 2637 1276 2692 ut
1294 2628 1380 2693 indi-

262 2731 374 2797 candis
402 2731 541 2814 lacunis,
576 2731 795 2817 exprimendis
829 2740 861 2796 et
888 2730 1106 2797 diiudicandis
1132 2731 1381 2818 supplementis,

263 2832 532 2899 demonstrandae
554 2833 693 2919 denique
716 2833 802 2897 omni
824 2832 957 2898 criticae
978 2833 1097 2898 rationi
1119 2833 1385 2912 commodissima

263 2943 327 3016 est,
355 2935 403 3000 ita
429 2937 515 3021 typis
544 2937 575 2998 ei
602 2933 787 2999 reddendae
815 2956 952 3020 magnae
985 2935 1117 3001 obstant
1149 2935 1382 3018 difficultates;

263 3044 432 3122 praeterea
459 3037 502 3101 ad
529 3058 583 3101 eos
611 3044 737 3101 tanturn
766 3037 878 3101 titulos
907 3036 969 3100 rite
996 3046 1104 3123 potest
1129 3035 1296 3119 adhiberi,
1323 3036 1384 3122 qui

262 3159 377 3203 revera
399 3159 441 3203 ex
462 3137 542 3223 ipsis
564 3138 780 3203 monumentis
801 3137 954 3223 descripti
977 3131 1036 3203 n'ec
1051 3161 1110 3225 per
1124 3139 1298 3205 multorum
1312 3161 1382 3204 ma-

263 3260 324 3302 nus
346 3239 458 3303 traditi
486 3261 528 3303 ex
555 3238 648 3305 libris
678 3248 753 3304 sunt
782 3240 953 3325 desumpti.
998 3241 1127 3320 Quibus
1160 3239 1284 3306 caussis
1306 3261 1385 3304 cum

264 3339 412 3420 accedat,
442 3342 528 3427 quod
551 3363 668 3427 corpus
690 3341 936 3427 inscriptionum
957 3341 1150 3407 Latinarum
1169 3341 1393 3412 Berolinensc.

264 3440 460 3508 destinatum
485 3441 678 3528 colligendis
704 3442 854 3508 omnibus
880 3442 1025 3508 universi
1051 3444 1139 3508 orbis
1167 3444 1306 3509 Romani
1333 3443 1384 3507 in·

265 3541 495 3627 scriptionibus
524 3565 582 3608 suo
610 3551 754 3629 tempore
782 3544 929 3630 syllogen
958 3544 1210 3629 comprehendet
1238 3544 1383 3610 Gallica-

264 3665 335 3707 rum
358 3665 485 3730 quoque
507 3645 755 3731 inscriptionum
777 3644 998 3730 plenissimam
1015 3656 1049 3710 et
1068 3647 1218 3711 omnibus
1240 3645 1304 3709 illis
1320 3647 1383 3710 cri-

264 3745 348 3809 ticae
370 3745 449 3811 artis
472 3743 603 3810 auxiliis
626 3754 658 3810 et
680 3748 877 3812 ornamentis
897 3747 1104 3827 instructam,
1127 3747 1170 3812 ad
1192 3768 1289 3834 quam
1311 3747 1384 3832 qui·

265 3868 390 3934 cunque
413 3848 455 3937 ad
482 3869 561 3912 usus
591 3847 720 3913 criticos
751 3856 782 3911 et
811 3848 936 3913 ratione
964 3848 1044 3912 artis
1065 3869 1174 3914 merae
1197 3833 1414 3936 epigraphis

232 4019 234 4023 ,
264 3970 321 4014 cae
348 3948 444 4014 huius
472 3949 660 4036 provinciae
692 3949 918 4035 inscriptiones
945 3949 1108 4034 cognituri
1135 3958 1232 4031 sunt,
1268 3948 1385 4036 utique

264 4050 430 4116 debebunt
451 4071 632 4129 recurrere,
656 4050 833 4116 abiecimus
854 4050 1025 4117 consilium
1048 4051 1165 4116 edendi
1186 4051 1247 4116 hos
1268 4049 1386 4116 titulos

263 4160 391 4216 nostros
413 4152 456 4217 ad
477 4151 636 4216 rationem
657 4173 828 4237 corporum
850 4153 1133 4238 epigraphicorum
1155 4159 1189 4216 et
1208 4150 1388 4216 modestio-

265 4272 333 4315 rem
360 4252 497 4318 formam
526 4253 718 4339 adoptantes
747 4253 781 4318 id
809 4254 917 4338 potius
947 4253 1041 4320 nobis
1071 4254 1318 4340 proposuimus,
1348 4263 1391 4319 ut

266 4352 350 4418 sicut
371 4353 543 4440 scriptores
564 4363 691 4419 veteres
714 4376 755 4419 ex
777 4354 943 4420 codicibus
966 4355 1196 4440 manuscriptis
1219 4355 1393 4442 desumpti
