3154 5162
367 463 407 526 82
754 456 837 516 Plus
860 457 879 514 1.
922 455 1029 514 clevi
1051 457 1082 514 11.

368 645 435 690 rum
458 625 628 688 nominibus
649 626 784 704 insignes
806 632 890 696 sunt,
913 626 1061 686 veteranis
1076 625 1257 704 compositas
1278 614 1362 692 esse*
1380 621 1434 684 sed
1447 639 1478 682 ea
1562 599 1564 652 ²

367 731 488 791 nomina
509 729 540 788 iu
563 726 709 789 honorem
732 733 846 788 tautum
868 725 1019 806 legionum
1035 743 1103 787 esse
1116 725 1221 795 indita,
1244 726 1383 804 quoniam
1406 726 1476 785 veri·
1563 733 1564 738 ’

367 830 463 893 simile
485 831 543 900 sit,
566 837 723 890 veteranos
744 827 812 890 illos
833 830 865 889 in
886 827 968 890 ltalia
990 829 1090 908 potius
1117 846 1208 908 quam
1228 828 1260 888 iu
1283 825 1376 888 Gabia
1398 843 1478 904 agros

368 934 529 1014 accepisse.
573 930 660 1004 Quod
689 949 724 991 eo
751 931 845 1009 magis
872 929 988 992 videtur
1013 930 1232 1009 accipiendum,
1261 929 1331 1006 quia
1351 926 1479 1006 legiones

368 1034 473 1098 saltem
496 1035 611 1096 decima
640 1038 671 1094 et
698 1039 780 1094 sexta
807 1040 1004 1093 recensentur
1031 1032 1112 1093 iuter
1140 1049 1205 1102 eas,
1232 1046 1310 1108 quae
1338 1033 1478 1094 11111145

367 1141 398 1200 in
420 1138 561 1218 Hispania
583 1133 694 1196 bellum
716 1139 890 1213 gesserunt,
913 1133 992 1195 unde
1014 1134 1061 1202 fit,
1090 1139 1124 1194 ut
1152 1151 1220 1194 cum
1242 1130 1426 1210 triumphum
1446 1128 1479 1189 tle

367 1241 508 1321 Hispania
538 1256 597 1299 non
630 1243 733 1315 ageret
754 1236 864 1297 Caesar
897 1235 1066 1296 antediem
1090 1233 1129 1295 111
1156 1233 1225 1295 idus
1251 1231 1398 1294 Octobres
1422 1231 1480 1292 eius

368 1344 448 1412 anni,
472 1359 532 1403 uon
554 1339 706 1418 potuerint
726 1345 813 1398 antea
836 1336 1010 1398 colonorum
1030 1335 1096 1396 loco
1118 1337 1150 1396 in
1171 1332 1295 1396 Galliam
1317 1329 1479 1410 deduci¹⁸];

368 1447 394 1506 si
422 1450 520 1505 autern
547 1439 691 1501 deductae
720 1447 822 1500 essent
849 1436 1020 1518 posthanc
1047 1436 1142 1505 diem,
1178 1453 1303 1497 neeesse
1331 1441 1413 1496 esset
1438 1433 1479 1493 li.

369 1545 508 1608 Claudius
530 1542 706 1622 perfecisset
729 1547 772 1600 tot
793 1539 977 1602 coloniarum
992 1538 1200 1600 deductionem
1220 1538 1311 1599 trium
1332 1536 1381 1598 vel
1401 1541 1480 1615 quat-

370 1656 437 1709 tuor
460 1643 609 1707 mensium
637 1644 746 1720 spatio,
776 1642 855 1721 quod
884 1643 949 1703 fieri
975 1659 1035 1704 nen
1063 1642 1167 1722 potuit
1216 1641 1348 1719 Apparet
1375 1643 1480 1704 autem,

369 1748 463 1810 multo
490 1746 584 1824 magis
610 1744 784 1804 interfuisse
811 1745 996 1822 provinciae,
1031 1741 1154 1804 colonos
1189 1740 1226 1803 de
1255 1739 1345 1821 plebe
1373 1739 1482 1800 urbana

370 1849 455 1927 elegi,
479 1865 566 1928 quam
590 1865 627 1907 ex
649 1847 797 1906 veteranis
818 1844 970 1924 legionum
998 1845 1130 1915 illarum,
1161 1860 1237 1922 quae
1265 1850 1300 1904 ut
1321 1840 1421 1902 ‘coelo
1442 1839 1482 1899 di-

368 1950 484 2013 ruendo
508 1952 607 2028 pares'
631 1954 724 2016 erent,
748 1949 788 2007 ita
811 1946 952 2008 colendae
969 1953 1067 2007 terrae
1082 1954 1112 2008 et
1127 1945 1219 2008 civilis
1233 1946 1311 2005 vitae
1326 1949 1482 2006 consuetu·

368 2053 430 2113 dini
451 2051 550 2113 minus
573 2056 656 2129 aptos
679 2067 711 2108 se
726 2047 925 2126 praestabant.
972 2049 1109 2110 Ceterum
1125 2049 1187 2109 sire
1201 2047 1335 2108 veterani
1354 2047 1483 2110 fuenmt
1562 2068 1564 2091 ¹

368 2155 419 2233 qui
442 2152 561 2212 deducti
584 2157 667 2219 sunt,
697 2152 758 2210 sive
791 2168 807 2209 e
828 2148 916 2229 plebe
938 2148 1052 2212 urbana
1078 2150 1124 2212 vel
1146 2149 1262 2220 italica,
1291 2149 1411 2230 citium¹
1428 2145 1483 2206 lle·

368 2271 524 2316 manorum
546 2253 647 2330 utique
671 2253 848 2312 constitutae
872 2258 943 2313 sunt
965 2270 1070 2314 omnes
1092 2252 1148 2314 hae
1171 2250 1313 2314 coloniae.
1359 2249 1406 2312 ld
1428 2248 1483 2308 siu-
1562 2257 1564 2328 ξ

368 2355 451 2434 gulas
479 2360 577 2414 autern
606 2353 685 2431 quod
713 2355 832 2422 attinet,
868 2353 904 2413 de
932 2353 1105 2416 Narbone
1133 2353 1266 2416 Martio
1295 2370 1366 2414 eum
1399 2365 1483 2427 supra
1562 2375 1563 2396 1

367 2458 426 2516 iam
454 2454 629 2519 dixerimus.
665 2472 724 2513 non
758 2462 803 2515 est
839 2454 918 2533 quod
952 2453 1009 2516 boc
1037 2455 1103 2516 loco
1132 2455 1250 2534 longius
1281 2455 1483 2517 disseramus;
1562 2437 1563 2500 Ῠ

369 2557 476 2625 fuisse,
506 2552 583 2635 quod
612 2554 767 2630 antiquum
789 2554 861 2616 illud
889 2557 1007 2636 imperii
1033 2556 1160 2620 llornani
1186 2559 1217 2618 in
1244 2555 1291 2618 his
1312 2553 1485 2635 regionibus

367 2654 642 2736 propugnaculum,
673 2674 741 2716 cum
768 2656 804 2716 ad
833 2656 966 2720 Caesaris
995 2656 1073 2719 bella
1099 2657 1178 2720 haud
1207 2658 1298 2720 dubie
1325 2659 1399 2719 satis
1426 2673 1484 2716 ma-

369 2777 461 2838 gnum
482 2757 609 2818 militurn
633 2757 855 2837 suppeditasset
876 2776 1051 2829 numerum,
1073 2761 1158 2821 novis
1180 2758 1294 2820 colonis
1316 2765 1484 2838 augeretur,

368 2879 457 2922 nemo
479 2879 539 2921 non
561 2858 716 2937 intellegit.
763 2860 963 2922 Baeterrae
986 2868 1103 2932 autem,
1132 2862 1212 2939 quod
1234 2859 1395 2922 Volcarum
1417 2860 1486 2920 Are·

369 2965 551 3025 comicorum
579 2960 720 3040 oppidum
748 2961 839 3022 fuisse
862 2980 950 3041 supra
972 2963 1112 3033 vidimus,
1142 2965 1215 3024 sitae
1242 2965 1275 3023 iu
1295 2969 1402 3022 moute
1423 2960 1487 3022 latis
1562 2955 1563 2990 ³

368 3067 432 3126 eius
458 3065 591 3142 regionis
619 3063 730 3142 campis
757 3063 924 3124 imminenti
949 3065 1044 3143 ipsius
1071 3063 1129 3126 loci
1154 3071 1261 3126 natura
1288 3063 1369 3124 bene
1392 3061 1486 3123 muni·

366 3162 1188 3244 1111111119)1111111111111111111111111111111111
1210 3164 1339 3225 inclitae.
1347 3160 1387 3243 20)
1432 3162 1486 3225 Ne·
1562 3151 1563 3156 ¹

368 3253 546 3346 queminus
574 3264 708 3326 culturae
735 3271 802 3344 apta
830 3272 909 3334 erat,
939 3282 1013 3343 quae
1040 3268 1071 3328 iu
1099 3267 1242 3328 (lavarunt
1270 3266 1382 3328 finibus
1411 3262 1487 3326 haud
1561 3277 1563 3328 1

289 3363 299 3376 ‘
369 3366 457 3444 longe
490 3385 506 3426 a
541 3364 760 3430 confluentibus
794 3365 930 3427 Rhodani
963 3375 993 3428 et
1024 3367 1106 3430 fluvii
1139 3372 1256 3444 Aepues
1290 3369 1414 3430 condita
1446 3371 1488 3428 est
1562 3353 1563 3358 ¹

368 3467 526 3527 Arausio
549 3466 723 3545 eademque,
747 3474 851 3548 utpote
865 3471 922 3530 sita
938 3469 973 3530 ad
989 3469 1097 3551 collem
1112 3470 1229 3532 facilem
1245 3471 1375 3540 munitu‚
1401 3485 1487 3547 quem
1561 3449 1563 3460 ¹

368 3585 423 3647 per
445 3586 534 3628 omne
555 3567 686 3628 medium
710 3587 814 3630 aevum
836 3571 984 3632 munitum
1006 3589 1071 3632 esse
1094 3578 1219 3642 constat,
1243 3573 1360 3652 etipsa
1382 3571 1489 3632 idonea

368 3669 602 3747 propugnaculo,
626 3670 652 3730 si
674 3668 752 3746 quod
776 3688 812 3730 ex
834 3671 974 3749 gentibus
996 3671 1110 3752 Alpinis
1132 3674 1265 3735 nondum
1288 3674 1414 3734 domitis
1435 3675 1487 3732 im·

368 3771 498 3830 rniueret
518 3770 694 3850 periculum.
739 3771 871 3854 Arelas
893 3791 978 3844 vero,
1009 3775 1093 3836 cuius
1116 3783 1285 3857 opportuno
1307 3773 1490 3854 navigationi

436 4055 479 4120 18)
498 4056 650 4108 comment.
668 4056 702 4106 de
720 4056 786 4108 bell.
804 4058 883 4124 Hisp.
902 4060 943 4111 12.
961 4062 1002 4112 30.
1020 4061 1063 4110 42.
1099 4061 1175 4122 Ques
1192 4061 1321 4127 legiones
1339 4063 1372 4113 in
1390 4063 1490 4128 Hispe-
1560 4086 1562 4132 χ

367 4140 413 4190 nia
435 4156 490 4192 non
512 4157 611 4192 recens
634 4140 759 4192 delectas
783 4157 844 4193 1111
867 4143 917 4194 sed
935 4160 969 4195 ex
989 4145 1131 4196 veteribus
1154 4143 1290 4198 militibus
1308 4149 1491 4216 compositos,

368 4223 446 4276 vides
466 4240 499 4275 ex
517 4241 597 4291 capp.
616 4228 649 4277 30
668 4231 696 4282 et
713 4228 746 4276 42
765 4231 833 4277 extr.

436 4309 478 4372 19)
498 4312 596 4376 Itaque
614 4303 695 4369 πόλις
713 4301 845 4375 ἀσφαλής
863 4310 966 4363 dicitur
984 4330 1000 4365 e
1019 4312 1156 4367 Strabone
1174 4317 1221 4370 IV.
1239 4333 1265 4382 p.
1286 4319 1346 4371 182.

434 4391 478 4456 20)
496 4393 567 4445 Plin.
586 4395 652 4446 hist.
671 4400 728 4445 nat.
748 4396 793 4456 14,
813 4396 842 4457 8,
862 4397 886 4446 5.
