3148 5160
535 439 620 496 PARS
642 440 672 495 ll.
716 440 822 496 CAPV'l
843 441 885 496 lll.
1206 445 1266 508 255

147 604 323 664 vincialibus
345 605 393 663 die
416 604 535 682 imperii
557 603 647 664 natali
668 603 793 684 aliisque
816 605 920 666 diebus
944 605 1117 666 solennibus
1143 627 1198 686 pro
1220 612 1265 670 in-

147 705 318 766 columitate
351 707 493 784 principis
523 712 552 764 et
578 707 764 785 suscipienda
801 715 831 766 et
863 707 1015 776 solvenda,
1050 709 1264 780 iusiurandum,
1372 697 1375 701 ’

147 807 226 883 quod
249 809 423 885 imperatori
445 807 642 885 provinciales
664 808 866 886 praestabant,
892 805 1148 888 accipiendum⁴²l,
1172 812 1265 872 leriae

146 909 311 968 secundum
339 927 438 969 mores
465 909 693 988 provincialium
720 917 749 970 et
782 911 1045 981 consuetudinem,
1080 928 1156 988 quae
1183 921 1264 974 retro

145 1009 284 1078 obtinuit,
310 1009 440 1078 dandae,
465 1011 581 1072 aedium
605 1030 757 1072 sacrarum
781 1019 874 1073 status
896 1010 1155 1092 inspiciendus.43)
1168 1023 1209 1058 ’-
1228 1017 1265 1076 nt

145 1113 268 1172 maioris
290 1113 433 1172 momenti
455 1120 519 1172 erat
541 1131 574 1173 ea
598 1131 750 1174 sacrorum
772 1115 995 1192 provincialium
1011 1135 1095 1194 pam,
1119 1136 1194 1196 quae
1209 1137 1264 1196 per

144 1212 310 1290 legitimum
333 1215 503 1300 provinciae
526 1214 683 1304 concilium
705 1213 795 1276 fiebat
815 1224 979 1294 praeeunte
1002 1236 1061 1278 non
1085 1219 1263 1296 proconsule

144 1313 196 1374 sed
219 1314 373 1374 sacerdote
395 1315 573 1393 provinciae.
620 1317 789 1378 Invenimus
811 1319 841 1378 in
863 1315 1009 1397 lapidibus
1032 1323 1142 1381 nostris
1170 1321 1262 1382 llami·

144 1434 200 1476 nes
222 1419 450 1477 commemorari
471 1419 642 1496 provinciae
664 1417 881 1490 Narbonensis
907 1423 1056 1482 variorum
1084 1423 1261 1502 oppidorum

143 1519 326 1596 municipes,
350 1517 385 1589 Q.
409 1518 592 1579 Trebellium
616 1519 650 1590 Q.
674 1521 693 1580 f.
719 1520 899 1582 Tolosanum
923 1521 966 1599 (n.
992 1522 1086 1601 267),
1117 1524 1184 1584 Sex.
1213 1526 1262 1586 nt-

143 1621 220 1680 tinm
244 1621 312 1680 Sex.
336 1619 356 1680 l.
382 1617 553 1699 (Crleticum
576 1621 773 1682 Viennensem
797 1621 841 1700 (n.
867 1620 961 1700 501),
990 1625 1024 1696 Q.
1049 1625 1206 1688 Solonium
1226 1627 1260 1698 Q.

142 1721 184 1782 fit
207 1720 381 1781 Severinum
406 1721 451 1800 (n.
477 1719 552 1800 106)
577 1729 607 1781 et
628 1721 660 1781 L.
685 1722 847 1784 Sammium
876 1725 907 1784 P.
932 1725 970 1786 fil.
996 1727 1191 1806 Eutycianum
1221 1725 1259 1805 (.

144 1821 216 1900 107)
233 1823 459 1892 Nemausenses,
484 1841 520 1883 ex
535 1823 643 1902 quibus
658 1825 750 1902 prior,
775 1843 843 1912 cum
858 1825 961 1886 Illlvir
977 1826 1013 1887 ab
1032 1831 1146 1889 aerario
1161 1830 1260 1900 fuerit,

1 1893 2 1938 ³
54 1980 59 1984 .
142 1943 203 1984 non
227 1923 302 1984 ultra
326 1924 457 1986 medium
479 1926 609 2003 primum
631 1944 660 2004 p.
685 1925 736 1986 Ch.
762 1926 912 1987 saeculum
939 1928 1066 1998 recedit,
1091 1930 1165 1990 alter
1192 1949 1260 1990 cum

141 2024 315 2086 arclriereus
336 2027 380 2108 ¹sit
407 2026 512 2106 synodi
534 2027 731 2098 Hadrianum,
761 2027 796 2088 ad
825 2027 913 2088 huius
934 2031 1121 2108 imperatoris
1144 2039 1261 2111 tempus

140 2129 286 2207 pertinet;
317 2127 438 2204 quibus,
462 2130 487 2189 si
510 2129 635 2199 coniers,
660 2129 693 2201 Q.
718 2129 901 2191 Trebellium
929 2131 1014 2191 illum
1036 2135 1135 2193 vocari
1165 2133 1259 2194 llami-
1319 2135 1322 2141 '

140 2247 210 2289 nem
231 2231 362 2305 primum
384 2230 552 2308 provinciae
574 2229 787 2302 Narbonensis,
812 2232 919 2293 adicias
943 2233 972 2294 C.
991 2234 1146 2295 Batonium
1161 2234 1201 2314 (n.
1220 2232 1259 2313 7),

142 2333 194 2407 qui
216 2349 271 2408 pro
294 2329 389 2391 salute
411 2333 625 2410 imperatorum
649 2333 783 2412 Septimii
806 2334 908 2395 Severi
937 2342 965 2394 et
988 2335 1155 2398 Caracallae
1182 2356 1259 2398 anno
1285 2412 1287 2415 .

141 2451 170 2512 p.
197 2431 249 2492 Ch.
276 2432 559 2499 menusanum
588 2436 756 2514 provinciae
784 2435 984 2497 Narbonensis
1012 2437 1124 2500 iaciens
1152 2439 1260 2500 dicitur

140 2533 249 2594 llamen
272 2535 387 2612 primus
409 2536 532 2612 Augusti
554 2535 599 2596 vel
614 2537 832 2614 Augustorum3
857 2556 953 2616 neque
975 2541 1073 2600 minus
1089 2543 1258 2602 coniectura

140 2635 284 2696 adicimus
311 2635 379 2695 Sex.
403 2637 528 2697 Fadium
555 2638 671 2716 Papiria
695 2639 863 2700 Secundum
886 2640 1110 2703 Narbonensem
1134 2641 1172 2719 (n.
1197 2641 1258 2722 18),

141 2740 224 2798 cuius
246 2737 347 2798 titulus
369 2739 500 2816 pertinet
522 2738 558 2798 ad
580 2757 689 2800 annuum
712 2759 740 2819 p.
759 2740 810 2801 Ch.
830 2747 905 2812 149,Ι
930 2742 960 2802 C.
977 2742 1094 2824 lunium
1116 2745 1257 2813 Priscum,

140 2838 330 2900 duumvirum
351 2839 538 2900 iuridicundo
560 2840 764 2902 Arelatensem
787 2843 832 2922 (u.
857 2839 949 2919 325),
980 2888 985 2902 .
1011 2890 1017 2902 .
1041 2891 1048 2904 .
1072 2890 1079 2902 .
1105 2891 1111 2902 .
1135 2846 1257 2904 minium

140 2987 249 3000 .....
276 2959 365 3002 anum
387 2941 620 3003 Nemausensem
650 2943 694 3022 (n.
719 2942 806 3021 108).
858 2942 914 3013 Qui
942 2961 1045 3004 omnes
1073 2951 1197 3022 excepto
1225 2945 1256 3005 C.

139 3043 280 3112 limonio,
310 3043 347 3102 de
376 3044 459 3108 cuius
481 3035 624 3121 dignitate
646 3051 724 3104 tacet
751 3043 840 3122 lapis,
871 3052 921 3105 aut
950 3063 1082 3106 summos
1110 3047 1141 3104 in
1163 3048 1257 3124 patria

140 3163 194 3204 sua
216 3143 347 3204 honores
369 3144 563 3224 municipales
586 3152 654 3205 ante
677 3145 734 3206 hoc
755 3145 919 3207 llaminium
941 3154 1099 3223 gesserunt
1127 3155 1177 3208 aut
1204 3147 1257 3210 bo-

139 3247 236 3306 mines
263 3253 345 3315 sunt,
380 3248 433 3324 qui
460 3264 551 3325 supra
579 3247 765 3326 municipalis
792 3247 942 3326 dignitatis
970 3249 1094 3326 gradum
1123 3249 1191 3310 elati
1221 3251 1256 3310 ad

140 3349 273 3426 equitum
295 3363 373 3424 equo
394 3346 514 3426 publico
537 3348 672 3408 ordinem
694 3348 740 3408 vel
762 3367 856 3426 nsque
882 3350 919 3410 ad
943 3350 1125 3412 consulatum
1151 3370 1255 3431 perve-

139 3456 258 3509 nerunt.
302 3449 364 3508 lam
385 3466 455 3510 vero
478 3451 503 3510 si
525 3450 706 3511 conferimus
732 3453 940 3530 inscriptiones
970 3453 1159 3514 sacerdotum
1186 3473 1255 3533 pro-

138 3552 302 3610 vinciarum
329 3551 490 3611 vicinarum
520 3550 630 3612 Galliae
659 3551 808 3613 ulterioris
819 3549 855 3630 44)
884 3553 1103 3632 Hispaniasque
1136 3557 1254 3616 citerio-

137 3648 238 3730 risll),
264 3650 397 3712 videmus
419 3651 531 3730 legatos
553 3653 735 3732 singularum
758 3656 908 3715 civitatum
929 3657 1016 3716 certis
1039 3657 1255 3740 temporibuse

138 3752 250 3814 Galliae
273 3752 422 3814 ulterioris
445 3754 540 3816 tribus
566 3758 728 3835 provinciis
750 3756 947 3834 Lugudunum
976 3758 1011 3818 ad
1039 3776 1119 3818 aram
1143 3758 1254 3820 Romae

204 4041 249 4106 42)
266 4043 339 4094 Plin.
359 4059 402 4108 ep.
421 4046 461 4103 10,
478 4046 520 4096 45.
539 4045 580 4096 49.
601 4046 659 4096 100.
678 4045 733 4096 102.

204 4124 250 4192 43)
269 4128 300 4177 L.
320 4131 335 4178 7
353 4144 393 4192 pr.
411 4129 435 4188 ἕ.
457 4130 470 4178 1
489 4129 554 4194 Dig,
574 4129 607 4179 de
627 4129 673 4179 off.
690 4144 818 4194 procons.
839 4127 875 4193 (1,
896 4130 949 4194 16),

204 4211 248 4274 44)
267 4211 412 4276 Boissieu,
431 4213 614 4277 Inscriptions
632 4214 665 4264 de
683 4214 761 4277 Lyco
779 4229 805 4278 p.
824 4214 857 4264 84
875 4228 934 4278 sqq.

202 4295 248 4358 45)
267 4296 397 4361 Heraean,
419 4297 475 4350 ind.
500 4297 534 4346 ad
552 4297 638 4348 Orell.
661 4315 687 4362 p.
705 4299 747 4350 48,
787 4297 916 4360 Hiibner,
939 4297 1001 4346 Ber.
1024 4295 1072 4347 der
1089 4298 1177 4348 Akad.
1202 4299 1252 4349 der

134 4379 306 4431 Wiusenseh.
325 4381 354 4428 in
372 4380 467 4430 Berlin
488 4383 561 4445 1860,
580 4398 606 4446 p.
625 4383 675 4432 238
694 4397 733 4446 sq.
