3148 5160
279 437 341 498 248
661 430 744 488 PARS
767 430 796 488 ΙΙ.
842 430 947 486 GdPVl'
971 429 1013 486 lll.

280 611 339 665 tam
362 601 489 679 aliquam
512 600 644 660 indicent
665 600 821 660 stationem
844 599 919 667 tisri,
943 596 1132 660 hauddubie
1161 598 1197 658 ad
1219 596 1401 660 tabularium

280 707 345 766 eius
367 705 502 764 stationis
524 701 729 782 pertinebant,
753 718 828 778 quae
850 702 973 780 proprie
1000 699 1134 761 Caesaris
1163 708 1243 770 erat,
1271 702 1333 760 sive
1362 700 1400 760 ad

280 809 437 868 stationem
459 805 639 885 patrimonii.
685 804 788 880 Neque
804 803 900 863 minus
918 802 1050 863 Caesaris
1073 809 1158 863 erant
1173 803 1317 864 ferrariae
1331 801 1400 864 illae

279 911 363 989 ripae
385 907 523 976 dextrae,
554 923 678 984 quarum
702 904 865 966 conductor
890 904 1000 965 dieitur
1022 904 1087 965 Tib.
1111 904 1213 965 lunius
1241 903 1399 974 Fadianus,

281 1012 359 1072 sevir
382 1009 515 1070 coloniae
536 1008 738 1070 Narbonensis
761 1007 838 1088 (app.
862 1025 890 1067 n.
913 1003 980 1084 50),
1009 1012 1039 1067 at
1061 1025 1131 1067 num
1153 1007 1275 1068 omuino
1296 1025 1401 1068 earum

280 1112 475 1172 ferrariarum
497 1129 568 1190 pars
590 1111 681 1172 tuerit
702 1111 733 1170 in
754 1116 856 1171 nostra
883 1109 1048 1188 provincia,
1078 1107 1200 1169 dubium
1223 1116 1276 1180 est,
1300 1126 1400 1186 neque

280 1213 365 1283 inde,
390 1213 467 1290 quod
491 1211 630 1274 Narbone
652 1211 779 1289 degebat
799 1229 876 1272 unus
900 1229 935 1272 ex
965 1210 1208 1279 conductoribus,
1239 1211 1399 1289 quidquam
1434 1253 1439 1261 -

281 1321 381 1396 potest
396 1313 541 1376 concludi.
579 1315 711 1392 lienique
726 1332 764 1374 ne
779 1313 1052 1393 praetermittamus
1066 1311 1137 1372 illud
1153 1311 1292 1390 vectigal;
1308 1313 1398 1392 quod,

282 1418 399 1476 etiamsi
426 1416 492 1477 loco
521 1417 681 1476 stationum
705 1415 978 1495 procuratoriarum
1001 1413 1131 1476 alienum
1161 1421 1226 1475 erat
1246 1433 1263 1474 a
1286 1414 1399 1476 Narbo·

282 1519 382 1587 censi,
412 1517 488 1578 baud
511 1516 661 1578 mediocre
682 1523 781 1578 tamen
802 1535 878 1577 onus
906 1517 975 1578 buie
999 1517 1169 1596 provinciae
1192 1516 1398 1587 constituebat,

284 1618 537 1698 quadragesimam
554 1617 667 1679 scilicet
682 1617 858 1688 Galliarum,
883 1625 1016 1680 exactam
1040 1637 1076 1678 ex
1091 1617 1227 1680 omnibus
1243 1618 1400 1688 mercibus,

284 1739 358 1801 quae
374 1729 423 1782 aut
439 1741 455 1782 e
471 1719 659 1782 Narbonensi
675 1720 768 1782 Gallia
787 1721 818 1781 in
834 1720 1006 1782 ulteriorem
1028 1727 1078 1782 aut
1097 1739 1114 1780 e
1130 1719 1224 1782 tribus
1239 1722 1403 1799 provinciis

281 1827 312 1884 in
324 1823 549 1886 Narbonensem
565 1823 784 1902 perveniebant
815 1823 856 1884 Ex
869 1824 951 1884 cuius
966 1822 1115 1901 vectigalis
1131 1823 1314 1894 stationibus,
1326 1841 1403 1903 quae

283 1945 337 2006 per
360 1928 456 1987 omnia
479 1927 588 1986 itinera
603 1924 722 2003 publica
737 1943 814 2004 pone
830 1925 904 1985 lines
918 1926 1088 2005 provinciae
1110 1926 1285 1986 constitutae
1306 1933 1401 1995 erant,

283 2029 355 2089 duas
377 2047 535 2108 possumus
550 2027 682 2088 indicare
697 2027 893 2105 Lugudunum
910 2028 1113 2088 Convenarum
1136 2026 1171 2088 ad
1194 2027 1268 2087 fines
1282 2028 1402 2107 Aquita·

283 2131 366 2191 nicos
391 2131 467 2212 (app.
491 2150 520 2191 n.
546 2126 617 2205 269)
642 2135 671 2189 et
693 2131 850 2190 stationem
873 2128 915 2191 nd
938 2129 1116 2190 Publicanos
1138 2127 1245 2189 dictam
1268 2129 1304 2190 ad
1327 2129 1404 2190 lines

282 2230 472 2310 Allobrogum
489 2231 562 2311 (itin.
580 2252 608 2312 p.
627 2236 688 2298 346
709 2232 762 2292 clr.
781 2250 868 2311 supra
884 2251 913 2311 p.
933 2236 993 2298 146
1008 2229 1074 2311 sq).
1112 2231 1334 2293 Administratio
1351 2250 1404 2293 au-

285 2342 343 2394 tem
368 2336 430 2395 eius
446 2334 548 2395 tributi
564 2335 677 2395 ratione
693 2334 750 2394 loci
765 2341 825 2394 tota
841 2333 1010 2414 pertinebat
1025 2333 1061 2394 ad
1077 2331 1200 2394 Galliam
1215 2333 1403 2396 ulteriorem,

368 2435 516 2498 Habemus
531 2438 623 2515 igitur
638 2437 668 2496 in
685 2443 786 2497 nostra
800 2437 952 2514 provincia
967 2434 1113 2514 triplicem
1129 2454 1243 2505 arcam,
1264 2437 1311 2498 eui
1326 2453 1405 2514 qirae

283 2536 421 2598 redibant
445 2538 609 2617 vectigalia,
633 2538 853 2608 inferebantur,
874 2539 1021 2600 aerarium
1039 2537 1191 2618 publicum
1215 2537 1317 2618 populi
1342 2539 1403 2601 Ro·

284 2640 363 2699 mani
386 2641 446 2700 sive
469 2643 615 2701 aerarium
639 2641 772 2710 Saturni,
797 2642 946 2703 aerarium
968 2639 1109 2710 militare,
1133 2623 1235 2700 liscum
1258 2640 1404 2703 Caesaris.

284 2743 325 2802 Ex
351 2741 457 2819 quibus
479 2741 567 2820 longe
590 2744 709 2803 maximi
738 2744 849 2822 negotii
875 2751 938 2803 erat
965 2759 1034 2804 area
1061 2743 1172 2821 prima,
1202 2748 1234 2801 ut
1262 2744 1406 2820 inquam

285 2843 394 2904 tributa
419 2843 474 2905 soli
498 2846 662 2923 capitisque
685 2843 943 2923 dependerentur;
968 2851 1097 2904 attamen
1120 2849 1149 2904 et
1171 2842 1259 2905 buius
1281 2851 1311 2904 et
1332 2843 1405 2905 reli·

285 2962 410 3023 quarum
432 2947 463 3006 in
486 2948 638 3025 provincia
662 2948 732 3006 satis
756 2947 882 3026 simplex
907 2953 970 3008 erat
992 2945 1255 3007 administrationis
1277 2965 1405 3026 appara·

285 3055 346 3108 tus:
371 3065 469 3125 neque
492 3052 570 3111 enim
594 3068 648 3129 per
670 3048 805 3128 publicos
834 3056 987 3112 exactores
1015 3049 1158 3108 aerariive
1185 3056 1305 3128 sumptu
1331 3068 1406 3128 pro-

284 3152 387 3229 priove
410 3149 511 3213 labore
534 3151 645 3212 tributa
669 3157 809 3228 quaestor
833 3149 982 3228 exigebat,
1008 3150 1060 3211 sed
1076 3149 1176 3210 divisis
1192 3169 1208 3210 a
1223 3151 1408 3230 proconsule

286 3269 322 3311 ex
344 3253 440 3311 l'orma
463 3252 594 3314 censuali
622 3270 677 3330 per
700 3251 814 3329 singula
844 3253 994 3313 territoria
1023 3250 1143 3312 tributis
1172 3253 1406 3331 municipiorum

285 3359 350 3413 erat
369 3371 449 3422 eam,
475 3370 550 3430 quae
567 3356 674 3434 cuique
697 3353 838 3415 attributa
862 3361 939 3423 erat,
964 3371 1109 3416 summam
1128 3356 1245 3415 aerario
1259 3354 1406 3433 pendere,

285 3453 402 3533 singula
424 3462 523 3516 autem
546 3455 732 3535 singulorum
754 3456 865 3516 tributa
887 3456 1009 3534 propria
1032 3473 1104 3516 cura
1127 3457 1256 3534 exigere.
1300 3455 1407 3533 Neque

287 3557 343 3618 alia
365 3559 481 3618 ratione
504 3557 644 3619 utebatur
666 3563 845 3638 procurator
868 3575 1017 3627 annonae,
1042 3576 1108 3619 oum
1132 3573 1209 3634 quae
1235 3559 1261 3618 is
1284 3574 1408 3634 quoque

287 3658 425 3736 exigebat
446 3659 616 3738 pendebant
640 3678 675 3720 ex
698 3659 794 3720 lorma
810 3657 943 3720 censuali
959 3658 1144 3737 singulorum
1161 3660 1405 3738 municipiorum.

288 3759 356 3820 Sola
378 3761 536 3821 vicesimae
558 3760 769 3822 hereditatum.
785 3761 1002 3822 administratio
1032 3760 1089 3821 alla
1117 3768 1181 3821 erat
1207 3777 1305 3838 neque
1333 3779 1407 3820 vero

286 3863 384 3922 minus
417 3861 558 3941 simplex:
594 3860 732 3922 locabant
765 3864 844 3922 enim
883 3880 946 3922 eam
985 3868 1197 3940 procuratores
1226 3860 1405 3940 publicanis,

288 3962 365 4025 trude
387 3962 502 4024 facilius
524 3970 642 4042 poterat
664 3964 741 4034 fieri,
765 3971 799 4024 ut
820 3982 898 4026 unus
920 3971 1096 4044 procurator
1119 3962 1234 4024 duabus
1255 3963 1411 4023 sufficeret

286 4067 455 4145 provinciis.
510 4063 595 4135 Quod
625 4071 723 4126 autem
751 4072 821 4126 sunt
854 4067 905 4143 qui
931 4071 1050 4145 putent,
1085 4065 1253 4124 vicesimam
1286 4081 1410 4143 quoque

287 4165 432 4227 libertatis
454 4164 581 4226 locatam
603 4183 670 4226 esse
691 4165 873 4245 publicanis,
902 4166 931 4226 id
959 4168 1008 4227 vix
1035 4167 1217 4243 acceperim,
1247 4183 1315 4226 cum
1346 4185 1411 4228 non

288 4266 473 4344 intellegam,
499 4285 555 4344 qua
579 4267 694 4328 ratione
716 4287 772 4347 pro
795 4285 853 4328 una
875 4269 1027 4346 provincia
1056 4272 1228 4346 computare
1250 4268 1413 4345 potuerint

288 4365 438 4444 publicani
460 4387 606 4430 summam
628 4367 784 4430 locationis
806 4370 837 4429 in
860 4387 894 4430 ea
917 4387 965 4440 re,
988 4385 1065 4448 quae
1086 4386 1169 4429 mere
1185 4386 1201 4427 a
1217 4367 1413 4446 singulorum
