3148 5160
554 455 637 511 rsus
663 456 693 512 ιι.
730 456 837 513 ιιιιιι
859 419 919 514 ιιι.γ
1210 459 1272 522 253
1332 528 1334 532 Α

156 629 260 699 gentes
284 621 448 681 solenniter
470 629 647 702 praeponat,
670 623 834 684 ministeria
858 638 975 700 quoque
998 622 1134 684 militaria
1157 624 1182 682 si
1198 641 1273 701 opus

155 723 248 783 luerit
270 723 306 782 ad
329 729 481 784 curatores
504 722 685 783 adiuvandus
708 721 811 802 det.3⁸)

240 825 277 884 dt
299 824 391 884 multo
415 825 700 885 maiorismomenti
723 832 801 894 erat,
825 823 904 904 quod
927 825 982 886 sub
1006 825 1110 885 eodem
1134 825 1271 890 Traiano,

156 933 188 986 ut
212 925 342 994 videtur,
367 927 483 1004 proprii
504 934 662 994 curatores.
681 925 774 986 rebus
801 927 928 1004 publicis
957 935 1121 1006 coeperunt
1147 926 1271 993 institui,

155 1029 206 1106 qui
230 1027 492 1087 administrationis
515 1045 616 1088 curam
640 1025 883 1108 susciperentll)
934 1029 995 1089 llos
1023 1035 1193 1096 curatores,
1222 1027 1273 1104 qui

155 1126 251 1206 probe
279 1128 480 1206 distinguendi
508 1136 578 1188 sunt
605 1147 622 1187 a
650 1127 837 1190 curatoribus
864 1129 1091 1209 municipalibus
1123 1128 1271 1197 ludorum,

154 1231 301 1308 pecuniae
322 1229 458 1308 publicae
481 1248 667 1309 operumque
689 1230 878 1309 publicorum
901 1239 1015 1293 constat
1044 1249 1109 1292 esse
1139 1230 1270 1291 nomina·

154 1339 202 1392 tos
225 1331 262 1391 ab
284 1332 351 1416 ipso
371 1333 552 1410 imperatore
575 1334 606 1392 in
629 1340 756 1408 utroque
771 1335 990 1412 provinciarum
1007 1351 1133 1410 genere,
1157 1339 1190 1392 ut
1211 1333 1271 1391 sive
1299 1367 1301 1373 ι

153 1432 339 1510 singularum
363 1435 423 1494 sive
445 1433 574 1512 plurium
599 1432 716 1494 urbium
740 1434 847 1512 singuli
863 1452 964 1495 curam
981 1437 1175 1513 susciperent,
1193 1433 1271 1492 eius·

155 1552 214 1612 que
236 1553 337 1595 curam
359 1537 515 1596 maximam
537 1544 652 1614 partem
674 1537 765 1596 luisse
789 1537 920 1597 rationes
940 1537 1083 1614 pecuniae
1107 1535 1273 1596 communis

154 1638 305 1696 civitatum
331 1637 506 1714 exigendas,
532 1638 659 1698 lormam
688 1636 855 1698 censualem
883 1637 1120 1708 custodiendam,
1139 1637 1272 1715 'denique

155 1758 222 1798 cum
253 1757 346 1816 prope
375 1738 454 1798 nulla
480 1739 525 1798 rei
549 1739 736 1817 municipalis
762 1759 832 1818 pars
858 1739 952 1800 aliena
979 1748 1059 1800 esset
1086 1759 1100 1799 a
1128 1739 1272 1817 pecuniae

154 1841 336 1910 rationibus,
360 1839 530 1918 generalem
546 1840 710 1901 custodiam
733 1848 827 1901 status
849 1840 1041 1919 reipublicae,
1058 1858 1134 1920 quae
1151 1858 1186 1899 eo
1201 1858 1271 1918 pro-

155 1944 253 2011 cessit,
270 1950 303 2003 ut
314 1931 433 2002 Bovillis
448 1960 527 2003 anno
542 1961 571 2020 p.
586 1942 638 2007 Cb.
652 1948 712 2012 157
725 1943 876 2003 videamus
891 1961 928 2002 ne
944 1943 1061 2003 comitia
1074 1941 1194 2021 quidem
1210 1959 1271 2000 ma-

154 2046 334 2122 gistratuum
358 2042 555 2104 creandorum
579 2062 681 2104 caussa
696 2043 800 2104 baberi
821 2045 878 2104 nisi
894 2045 1098 2104 consentiente
1121 2049 1268 2102 curatore.

155 2146 294 2207 Ceterum
313 2152 468 2206 curatores
489 2163 547 2206 non
567 2164 643 2224 opus
659 2152 722 2206 erat
738 2145 920 2206 domicilium
935 2144 1081 2206 baberent
1099 2145 1131 2208 in
1150 2145 1187 2204 iis
1202 2144 1271 2202 civi-

155 2247 274 2316 tatibus,
299 2264 426 2324 quarum
448 2266 550 2308 curam
575 2255 769 2327 susceperant
790 2248 917 2324 ideoque
940 2266 999 2308 non
1023 2245 1117 2308 solum
1141 2245 1270 2325 plurium

115 2345 124 2364 '
154 2349 332 2428 oppidorum
353 2349 456 2409 eodem
475 2335 610 2428 tempore
628 2357 712 2409 erant
729 2356 892 2419 curatores,
912 2350 962 2410 sed
982 2367 1040 2426 quo
1054 2350 1120 2426 quis
1135 2353 1271 2426 tempore

155 2457 277 2511 curator
300 2459 378 2520 erat,
403 2451 507 2511 eodem
530 2449 681 2530 publicum
705 2451 817 2512 Romae
840 2452 1045 2529 magistratum
1073 2457 1192 2530 poterat
1220 2467 1270 2528 ge-

153 2571 234 2617 rere.
279 2553 513 2614 Nominabantur
542 2560 639 2613 autern
663 2555 812 2615 rarissime
841 2554 959 2631 quidem
984 2572 1019 2613 ex
1046 2555 1119 2632 ipsis
1147 2554 1271 2613 munici-

153 2654 258 2733 pibus
282 2673 351 2715 raro
374 2673 409 2714 ex
433 2653 633 2733 municipibus
657 2657 767 2716 vicinae
790 2657 928 2725 civitatis,
949 2655 1129 2736 plerumque
1152 2654 1212 2714 sive
1235 2671 1271 2712 ex

155 2755 308 2833 equitibus
331 2757 472 2817 Romanis
495 2758 556 2816 sive
580 2774 615 2816 ex
639 2757 860 2835 magistratibus
883 2757 1009 2838 publicis
1037 2765 1067 2816 et
1095 2757 1271 2833 quaestoriis

154 2866 198 2928 et,
229 2857 258 2917 id
288 2858 365 2935 qnod
395 2859 582 2935 frequentius
615 2861 777 2927 invenitur,
814 2877 849 2918 ex
878 2859 1050 2938 praetoriis,
1081 2859 1153 2933 quin
1183 2859 1269 2917 etiarn

153 2977 191 3019 ex
215 2959 435 3029 consularibus,
458 2965 546 3038 atque
570 2960 797 3020 nominabantur
826 2967 855 3020 et
882 2963 912 3020 in
935 2959 1025 3019 breve
1053 2966 1168 3019 certum
1195 2966 1269 3017 tem·

153 3079 213 3140 pus
236 3063 317 3121 etin
340 3060 510 3140 complures
533 3059 681 3140 annos.4⁰)

240 3163 324 3224 Unde
352 3182 440 3224 nemo
474 3181 533 3225 non
561 3165 640 3224 videt
674 3170 825 3225 curatores
852 3164 1014 3224 contrarias
1047 3168 1149 3241 partes
1182 3177 1270 3238 agere

152 3273 360 3343 patronorum.
406 3267 553 3327 Patronus
575 3284 709 3328 caussam
733 3266 887 3347 municipii
914 3266 975 3344 agit
1002 3264 1080 3344 apud
1107 3265 1268 3342 imperato-

62 3433 68 3444 .
154 3384 235 3435 rem,
261 3373 380 3426 curator
403 3385 538 3434 caussam
560 3368 748 3446 imperatoris
764 3375 793 3428 et
808 3367 971 3447 imperii-in
988 3367 1163 3446 municipio;
1187 3372 1268 3427 utar·

154 3485 214 3544 que
237 3467 313 3527 solet
336 3467 405 3546 eligi
434 3488 469 3528 ex
493 3470 618 3552 summis
646 3471 763 3549 imperii
792 3469 961 3538 ordinibus,
991 3476 1117 3547 uterque
1147 3485 1269 3527 vacuum

154 3566 303 3645 quendam
331 3570 362 3629 in
385 3569 641 3631 administratione
669 3573 786 3651 imperii
815 3571 912 3631 locum
942 3569 1177 3632 extraordinario
1205 3589 1269 3630 mu·

153 3689 227 3731 nere
251 3671 364 3750 explet:
388 3673 671 3754 patronilsenatorii
694 3673 731 3733 ab
754 3673 891 3733 omnibus
917 3673 1035 3752 imperii
1064 3671 1181 3751 oppidis
1209 3672 1269 3732 sul·

221 3889 265 3954 38)
284 3891 317 3942 L.
337 3894 351 3942 7
369 3892 434 3956 Dig.
453 3893 486 3942 de
505 3889 550 3941 off.
568 3906 694 3956 procons.
712 3889 748 3955 (1,
768 3892 820 3956 16).

135 3961 137 3966 ¹
221 3975 265 4039 39)
284 3976 328 4026 De
353 3976 523 4027 curatoribus
551 3991 641 4026 rerum
667 3975 839 4041 publicarum
867 3965 1050 4027 conferendus
1078 3982 1120 4025 est
1146 3976 1268 4037 Heuzen,

152 4063 224 4111 Anu.
244 4060 309 4111 dell'
328 4061 395 4111 Inst.
414 4061 535 4111 archeol.
556 4062 630 4112 1851.
650 4078 676 4126 p.
696 4061 711 4110 5
729 4076 787 4125 sqq.

220 4144 265 4210 40)
285 4144 406 4209 Capitol.
430 4145 479 4196 vit.
498 4145 534 4194 M.
555 4144 646 4196 Aurel.
672 4161 694 4198 c.
714 4145 760 4194 11:
787 4145 925 4195 Curatores
942 4147 1023 4194 multis
1040 4143 1195 4204 civitatibus,
1221 4159 1269 4208 qrro

151 4232 229 4279 latius
244 4230 391 4280 senatorios
407 4231 525 4280 tenderet
543 4231 695 4294 dignitates,
719 4246 732 4279 e
748 4235 839 4280 senatu
861 4230 940 4281 dedit.
976 4228 1107 4278 Videmus
1127 4232 1217 4277 autem
1237 4245 1269 4277 ex

151 4313 390 4379 inscriptionibus,
410 4319 437 4364 et
456 4315 511 4364 iam
530 4318 595 4364 ante
614 4313 650 4362 M.
664 4313 801 4364 Aurelium
820 4313 894 4363 viros
912 4313 1064 4362 senatorios
1084 4317 1111 4360 et
1129 4317 1190 4376 post
1208 4329 1269 4362 euru

153 4399 261 4462 equites
278 4398 417 4448 Romanos
437 4404 577 4448 curatores
596 4399 692 4448 luisse.
