3154 5162
506 485 590 543 PARS
613 485 643 542 n.
688 487 793 544 GAPVT
816 487 845 545 ll.
1167 493 1228 556 157

108 652 194 712 nensi
217 659 314 712 autem
337 653 489 730 provincia
511 654 605 731 prima
628 654 710 713 initia
732 655 789 714 iam
813 673 903 734 supra
926 656 1117 734 exposuimus
1139 662 1227 734 atque

109 755 153 812 rei
175 752 363 833 municipalis
392 753 547 816 historiam
576 772 671 832 usque
701 774 735 815 eo
765 775 868 817 sumus
890 759 1056 835 persecuti,
1087 775 1145 836 quo
1174 760 1225 818 sti·

108 855 255 933 pendiarii
276 855 396 935 quidem
422 874 517 936 prope
540 856 613 917 nulli
641 859 700 918 iam
724 859 885 919 extiterunt
909 858 956 918 vel
983 861 1098 919 minimi
1124 860 1227 936 utiquc

109 959 251 1018 momenti
281 965 379 1027 erant,
409 961 503 1020 maior
531 966 629 1020 autem
657 959 863 1036 indigenarum
891 978 961 1038 pars
989 960 1024 1021 ad
1053 960 1226 1022 latinitatem

109 1065 296 1137 pervenerat,
320 1077 425 1138 magna
449 1060 577 1140 denique
598 1062 768 1140 provinciae
791 1062 889 1139 portio
911 1060 998 1139 plena
1017 1063 1132 1123 civitate
1155 1080 1226 1140 gau·

109 1160 205 1221 debat.
251 1161 353 1240 ltaque
384 1161 441 1222 boc
468 1161 534 1222 loco
569 1162 769 1242 stipendiariis
797 1181 924 1241 prorsus
941 1148 1068 1224 'omissis
1095 1163 1227 1243 reliquos

108 1269 224 1324 tantum
245 1265 319 1323 iuris
342 1262 529 1343 municipalis
556 1264 665 1342 gradus
694 1263 742 1324 hic
769 1264 962 1326 tractabimus
985 1284 1020 1325 eo
1043 1266 1165 1336 ordine,
1189 1272 1227 1327 ut

108 1382 165 1442 quo
189 1364 330 1444 quodque
353 1383 447 1443 genus
469 1367 593 1445 propius
621 1365 656 1426 ad
679 1363 848 1427 ltalicorum
871 1367 1100 1446 municipiorum
1124 1369 1225 1428 condi·

108 1468 223 1526 cionem
247 1465 422 1537 accedebat,
453 1469 553 1546 priore
576 1467 641 1528 loco
664 1485 824 1546 ponamus,
854 1470 983 1548 primum
1007 1476 1106 1532 autem
1128 1471 1225 1549 ipsum

108 1567 277 1629 ltaliccrum
301 1570 532 1648 municipiorum
554 1571 601 1630 ius
625 1572 775 1630 succincte
799 1589 990 1650 exponamus

193 1686 353 1767 Proprium
377 1694 441 1748 erat
463 1690 692 1768 municipiorum
708 1687 888 1759 Italicorum,
913 1698 945 1750 nt
968 1691 1112 1769 cuiusque
1129 1692 1224 1751 muni·

105 1790 145 1867 pii
169 1791 336 1868 municipes
359 1791 437 1850 cives
459 1789 585 1850 Romani
614 1792 725 1870 optimo
755 1793 821 1852 iure
844 1799 958 1862 essent,
989 1799 1020 1852 ut
1041 1793 1106 1870 ipsa
1128 1795 1224 1854 muni-

106 1892 183 1970 cipia
206 1891 299 1952 libera
323 1899 424 1951 essent
446 1892 564 1952 tributis
593 1877 648 1953 soll
677 1900 707 1953 et
730 1895 848 1972 capitio,
878 1899 913 1956 ut
934 1896 964 1953 in
987 1891 1078 1954 rebus
1100 1896 1225 1954 internis

105 2011 158 2053 suo
185 1995 251 2053 iure
273 2000 438 2063 uterentur,
462 1994 621 2056 dummodo
644 1995 733 2056 huius
755 1997 829 2055 iuris
849 1996 944 2055 forma
968 2014 1002 2055 ea
1025 2001 1112 2064 esset,
1136 2013 1225 2074 quarn

104 2093 232 2155 Romani
254 2094 319 2172 lege
343 2096 514 2175 municipali
535 2097 695 2167 dederant,
720 2115 793 2158 neve
816 2096 887 2176 quid
911 2115 946 2157 ex
966 2095 1093 2175 publicis
1122 2096 1226 2175 populi

103 2195 232 2256 Romani
254 2195 369 2275 legibus
391 2198 462 2260 iude
484 2206 737 2279 corrumperetur.
783 2199 890 2258 Forma
914 2205 1011 2259 autem
1035 2196 1083 2257 illa
1106 2197 1224 2277 publice

104 2299 276 2377 municipiis
298 2299 364 2359 data
386 2301 484 2378 posita
507 2308 570 2361 erat
597 2303 627 2360 in
656 2300 878 2379 magistratibus
905 2298 1025 2378 collegis
1055 2306 1084 2360 et
1108 2301 1223 2368 enutris,

6 2395 7 2398 ’
104 2403 155 2480 qui
180 2400 277 2480 quoad
299 2419 359 2460 non
381 2401 571 2480 publicorum
598 2402 702 2483 populi
723 2402 850 2463 Romani
877 2404 1102 2480 magistratuum
1129 2403 1223 2480 impe·

62 2479 77 2494 ²
104 2504 185 2563 rium
209 2510 319 2563 certam
343 2503 489 2582 quandam
513 2503 727 2565 iurisdictionis
749 2512 863 2583 partem
887 2511 1102 2583 praesumeret,
1125 2505 1224 2564 insin

103 2621 226 2683 quoque
250 2603 358 2683 oppido
381 2604 555 2676 redderent,
580 2608 610 2665 in
634 2613 738 2667 senatu
761 2607 821 2667 sive
844 2606 948 2667 ordine
964 2607 1169 2675 decurionum,
1193 2607 1225 2664 in

104 2703 289 2782 comitiis.¹⁴)
335 2706 444 2766 Contra
476 2708 507 2767 in
536 2708 674 2769 omnibus
702 2708 793 2769 rebus
816 2709 947 2769 externis
970 2709 1129 2788 municipia
1151 2707 1225 2767 nibil

103 2813 193 2868 crant
214 2807 271 2867 nisi
292 2808 410 2886 imperii
434 2816 542 2886 partes,
567 2828 642 2889 quae
665 2809 879 2888 rempublicam
902 2828 962 2870 nou
985 2816 1149 2889 separatam
1170 2807 1222 2868 ba·

8 2913 9 2916 ’
102 2907 214 2968 bereut
235 2925 251 2969 a
274 2911 424 2970 communi
446 2912 583 2990 imperio.
628 2911 730 2990 Neque
759 2930 775 2971 a
797 2913 965 2989 municipiis
988 2911 1138 2971 diversum
1161 2918 1224 2970 erat

101 3011 150 3071 ius
182 3009 380 3080 coloniarnm;
419 3011 488 3072 olim
518 3012 638 3092 quidem
672 3011 855 3073 coloniarum
888 3005 1004 3073 civium'
1021 3012 1223 3073 Romanorum

7 3195 8 3200 γ
101 3113 262 3193 proprium
283 3113 390 3182 luerat,
414 3114 635 3192 magistratibus
657 3113 856 3193 peculiaribus
878 3133 939 3174 non
961 3114 1004 3174 uti
1028 3114 1108 3173 etin
1130 3113 1222 3171 inter·

7 3275 8 3298 ,
101 3216 150 3275 nis
176 3231 293 3292 quoqne
315 3213 406 3276 rebus
436 3215 509 3277 nibil
537 3218 595 3276 nisi
622 3235 677 3295 pro
699 3215 835 3296 partibus
863 3214 946 3276 urbis
968 3215 1078 3276 Romae
1101 3213 1221 3281 haberi:

102 3321 131 3375 at
156 3317 188 3375 in
211 3315 267 3376 boo
289 3333 365 3376 novo
387 3318 507 3396 imperii
530 3317 634 3378 ordine
663 3337 734 3378 suos
764 3325 794 3378 et
815 3320 897 3397 ipsae
919 3319 1109 3396 magistratus
1132 3315 1221 3376 babe-

7 3415 9 3498 ἶ
101 3416 186 3486 bant,
210 3435 297 3477 suum
321 3418 464 3489 ordinem,
490 3437 541 3480 sua
566 3421 682 3480 comitia
700 3421 854 3499 oppidana,
878 3418 1005 3497 ideoque
1021 3420 1051 3479 in
1067 3417 1114 3478 his
1129 3417 1222 3478 omni·

102 3516 162 3578 bus
184 3518 318 3580 coloniae
341 3521 398 3607 nisi
420 3522 541 3581 nomine
564 3528 593 3582 et
609 3521 726 3582 bonore
746 3539 806 3582 nou
830 3521 963 3582 diversae
987 3529 1102 3582 eranta
1126 3521 1221 3582 muni·

8 3685 9 3690 γ
103 3621 200 3700 cipiis.
213 3617 246 3700 ¹⁵)
270 3621 467 3693 —Quarum
495 3625 644 3684 civitatum
671 3625 718 3684 ius
745 3642 813 3684 cum
841 3625 986 3704 optimum
1009 3633 1088 3683 esset
1112 3624 1144 3682 in
1166 3624 1220 3682 im-

101 3723 189 3800 perio
212 3731 334 3802 excepta
357 3723 431 3785 urbe
446 3724 549 3796 Roma,
571 3726 603 3786 iu
617 3727 778 3805 provinciis
799 3727 898 3804 primo
920 3725 986 3788 loco
1000 3724 1139 3806 ponenda
1155 3731 1224 3785 snut

174 3994 216 4058 14)
235 3994 294 4044 cfr.
314 3996 375 4046 niv.
394 3997 441 4061 26,
461 3999 507 4046 16:
533 3994 663 4061 (Capuae
682 3996 806 4062 placuit)
830 4011 925 4062 corpus
943 3999 1033 4046 nulium
1050 3995 1158 4044 civitatis
1176 4009 1223 4044 nec

101 4085 207 4127 renatus
225 4095 272 4130 nec
291 4081 374 4144 plebis
391 4082 520 4132 concilium
539 4097 586 4132 nec
602 4084 766 4145 naapirtrctuo
783 4097 854 4139 esee,-
877 4082 926 4130 cfr.
945 4081 1011 4130 item
1030 4079 1089 4132 Cic.
1108 4078 1141 4127 de
1159 4076 1222 4142 lege

103 4179 164 4227 agr.
181 4166 211 4228 2,
230 4166 277 4227 32,
297 4165 330 4214 38
348 4179 406 4230 sqq.

173 4267 215 4331 15)
236 4266 316 4330 Quod
332 4267 484 4317 Mommsen
503 4266 607 4322 Stedtr.
620 4284 646 4334 p.
658 4270 708 4318 436
727 4266 854 4332 proponit
872 4265 1081 4329 municipiorum
1101 4267 1129 4313 et
1148 4263 1222 4315 colo·

101 4348 211 4400 uiarum
231 4350 379 4401 discrimen
397 4352 514 4417 positum
534 4353 562 4400 in
578 4352 652 4418 legis
665 4354 774 4402 actione
793 4350 848 4400 illis
868 4364 1008 4412 concesse,
1027 4349 1070 4398 his
1085 4348 1222 4414 adempta,

100 4431 194 4498 omisi,
212 4436 280 4499 quia
298 4437 333 4485 ad
351 4437 510 4501 provincias
528 4437 574 4489 vix
592 4438 733 4502 pertinuit.
