3184 5162
557 442 640 500 PARS
661 443 679 500 1.
725 443 832 500 uarix
852 445 871 502 1.
1229 449 1269 512 55

145 611 223 672 intra
246 609 433 689 provinciam
453 610 545 670 inerit
566 611 742 680 auctoritas,
771 627 870 688 noque
897 611 1034 692 exemplo
1056 610 1116 674 ullo
1138 612 1268 681 illustre·

145 719 197 773 tur
224 728 327 789 neque
356 729 424 771 cum
452 711 507 774 alia
533 712 565 772 in
592 711 657 774 aliis
683 713 858 792 provinciis,
893 712 949 776 clia
977 713 1014 776 ab
1041 714 1105 779 aliis
1134 715 1268 788 eiusdem

146 815 319 893 provinciae
348 812 535 891 praesidibus
563 813 600 875 de
628 812 684 875 hac
712 832 746 874 re
771 811 1035 895 statuerentur41),
1070 835 1107 880 ex
1134 817 1267 896 generali

146 916 263 976 ratione
286 901 481 995 perspicuum
507 921 560 976 est.
606 915 713 992 Utique
741 934 936 996 quaecunque
963 917 1109 996 indigenis
1130 920 1161 982 in
1184 918 1265 983 dedi·

145 1019 259 1078 tionem
297 1017 427 1095 receptis
460 1035 602 1078 concessa
637 1025 700 1080 erat
733 1017 869 1088 libertas,
904 1037 969 1083 cem
1001 1019 1137 1084 beneficii
1168 1023 1267 1102 potius

147 1137 250 1181 caussa
286 1126 316 1178 et
348 1117 384 1180 ad
412 1124 531 1198 tempus
559 1137 732 1182 concessam
768 1138 857 1200 quam
890 1121 965 1182 iuris
991 1123 1087 1184 instar
1120 1130 1151 1185 et
1177 1124 1267 1187 certis

147 1219 373 1284 condicionibus
391 1211 559 1283 ordinatam
581 1220 739 1283 habebant.
1115 1283 1119 1289 ,

231 1323 365 1387 Alterum
387 1323 616 1403 peregrinarum
638 1325 788 1384 civitatum
810 1323 906 1402 genus
921 1325 1014 1386 fuisse
1030 1325 1156 1388 vidimus
1172 1325 1264 1388 Grae·
1289 1337 1290 1344 ’

146 1444 196 1487 cas
229 1442 305 1503 quae
334 1443 388 1504 per
417 1443 500 1486 oram
528 1425 706 1486 maritimam
736 1426 889 1505 dispersae
924 1434 1009 1488 erant
1042 1427 1173 1493 coloniae
1204 1431 1265 1490 sive

144 1526 347 1589 Massilienses
370 1532 400 1588 et
421 1527 473 1606 qni
494 1526 549 1588 sub
571 1529 698 1607 imperio
727 1547 831 1590 eorum
860 1535 945 1590 erant
970 1529 1103 1607 reliquos
1125 1530 1263 1595 Graecos.

146 1629 276 1702 Quibus,
306 1631 357 1708 qni
384 1647 440 1707 per
467 1647 556 1690 omne
577 1629 780 1692 Romanorum
809 1649 877 1693 cum
899 1631 990 1693 Gallis
1017 1630 1129 1694 beilum
1158 1649 1266 1712 perpe·

144 1738 227 1792 tuam
250 1730 339 1792 iidem
362 1737 524 1800 servarent,
548 1750 609 1792 non
632 1738 696 1792 erat
717 1731 797 1811 quod
820 1749 947 1810 aequum
969 1733 1075 1794 foedus
1098 1750 1157 1812 quo
1178 1741 1265 1798 antea

145 1839 232 1894 erant
255 1835 301 1894 usi
323 1835 560 1902 imminueretur,
583 1835 673 1894 immo
696 1841 797 1894 anctos
818 1836 971 1895 territorio
993 1853 1029 1895 ex
1053 1853 1088 1896 eo
1104 1838 1265 1902 certamine

143 1935 294 2015 prodiisse
316 1954 406 2014 supra
429 1937 623 1996 narravimus
664 1935 697 1996 ln
721 1953 756 1995 eo
780 1941 879 1995 tamen
901 1936 1030 1997 foederis
1053 1935 1131 1998 illius
1153 1936 1265 2002 utilitas

143 2037 300 2098 imminuta
323 2038 443 2098 Graecis
466 2044 521 2107 est,
545 2045 578 2097 ut
601 2038 728 2114 quaein
752 2036 872 2100 ioedere
894 2039 990 2117 posita
1013 2043 1097 2112 erant
1120 2055 1191 2116 ergo
1205 2038 1263 2104 uo·

143 2157 250 2200 manos
272 2139 377 2208 officia,
401 2157 460 2218 quo
481 2139 656 2218 propriores
678 2137 709 2199 hi
732 2144 829 2207 erant,
855 2155 889 2198 eo
911 2139 1024 2201 maiora
1048 2157 1143 2219 eoque
1164 2141 1264 2206 minus

144 2239 301 2302 commoda
324 2242 486 2311 evenirent,
511 2247 598 2320 atque
620 2239 693 2303 iliud
716 2242 814 2320 ipsum
836 2241 980 2303 territorii
995 2241 1215 2304 incrementum
1230 2259 1264 2304 ea

142 2349 260 2404 tantum
282 2342 457 2404 condicione
484 2344 522 2402 iis
551 2349 596 2402 est
623 2360 815 2412 concessum,
844 2350 877 2403 ut
903 2343 935 2402 in
962 2360 1050 2408 ueum
1080 2345 1263 2412 exercituum

142 2441 348 2506 Romanorum
371 2445 447 2505 viam
470 2444 635 2507 secundum
658 2462 739 2508 orem
757 2451 928 2507 sternerent
943 2452 1126 2524 stratamque
1142 2463 1277 2511 consecr

141 2540 301 2624 rarent.⁴²)
346 2546 450 2623 Neque
473 2546 598 2608 minoris
620 2547 764 2610 momenti
785 2554 864 2616 crat,
893 2545 973 2626 quod
996 2531 1084 2623 quam
1100 2552 1186 2611 antea
1208 2565 1263 2626 per

142 2667 177 2709 ea
201 2665 331 2726 aequora
353 2646 409 2708 soli
431 2656 628 2710 exercuerant
649 2648 881 2710 dominationem
903 2649 1090 2717 maritimam,
1113 2648 1172 2711 iam
1195 2665 1264 2712 cum

140 2750 228 2810 novis
250 2748 378 2812 dominis
400 2750 667 2812 communicabant.
1232 2810 1236 2816 .

228 2851 352 2912 Restant
373 2853 433 2912 iam
454 2852 505 2930 qui
526 2852 558 2914 in
580 2851 762 2931 reipublicae
783 2853 910 2914 formam
932 2851 1027 2912 iuncti
1053 2851 1084 2914 in
1111 2850 1263 2930 provincia
1297 2837 1300 2842 ’

141 2951 291 3030 degebant
313 2953 391 3014 cives
413 2952 547 3015 Romani.
592 2954 762 3016 Invenimus
784 2953 918 3012 extitisse
945 2953 976 3011 in
999 2952 1150 3030 provincia
1173 2969 1261 3015 unam

141 3053 290 3116 coloniam
313 3054 421 3115 civium
435 3054 647 3125 Romanorum,
672 3056 723 3133 qui
747 3072 783 3114 ex
805 3053 887 3117 Italia
910 3052 1030 3115 deducti
1053 3061 1140 3116 erant
1159 3054 1190 3118 in
1209 3072 1261 3133 op-

139 3156 245 3236 pidum
268 3175 284 3215 a
307 3155 397 3218 Gallis
420 3156 587 3226 conditum,
618 3158 750 3219 extitisse
778 3163 934 3235 praeterea
962 3153 1115 3234 complura
1142 3154 1261 3222 castella

140 3259 204 3338 sive
226 3258 375 3337 praesidia
397 3256 523 3318 militnm
545 3259 763 3326 Romanorum,
793 3275 920 3336 qnorum
950 3256 1009 3319 duo
1034 3255 1114 3336 apud
1136 3257 1260 3336 scripto·

140 3377 192 3420 res
214 3367 330 3422 veteres
353 3361 562 3430 nominantur,
584 3362 685 3438 Aquae
709 3359 826 3422 Sextiae
848 3366 878 3420 et
900 3358 980 3438 quod
1002 3357 1130 3422 Tolosae
1152 3361 1261 3425 consti·

139 3468 239 3540 tutum
268 3469 332 3524 erat
358 3461 550 3540 praesidium.
597 3462 638 3523 be
661 3461 800 3524 Narbone
828 3468 927 3523 antem
956 3461 981 3521 si
1003 3461 1132 3538 agimus,
1161 3462 1259 3540 prius·

209 3715 253 3778 41)
278 3714 336 3766 Cir.
357 3713 415 3764 Cic.
435 3713 470 3765 ad
488 3713 544 3764 Act.
564 3715 587 3776 6,
609 3715 632 3774 1,
653 3714 697 3764 15:
717 3729 764 3781 epo
782 3742 813 3750 —
831 3717 908 3765 molta
924 3729 978 3764 sum
993 3721 1094 3765 secubo
1112 3713 1259 3780 Scaevolae,

138 3803 165 3851 in
183 3801 216 3851 iis
234 3802 310 3863 titud,
333 3802 360 3850 in
382 3815 432 3865 quo
453 3799 503 3850 aidi
524 3800 666 3850 libertatem
684 3807 787 3851 censent
806 3800 900 3851 Graeci
917 3801 1015 3862 datum,
1038 3806 1066 3849 ut
1084 3799 1178 3850 Graeci
1194 3801 1262 3850 inter

137 3901 167 3936 se
185 3886 331 3950 disceptent
347 3885 401 3938 auia
418 3885 521 3950 lepidus.
554 3884 648 3938 Graeci
663 3899 723 3935 vero
742 3887 872 3951 ccultant,
892 3885 961 3950 quod
974 3884 1121 3950 pereffluis
1138 3883 1261 3936 iudicibus
1290 3875 1292 3878 ’

137 3975 252 4023 ubemur.
1263 4016 1265 4024 ,

207 4051 256 4117 42)
276 4052 377 4106 Strabo
394 4051 441 4106 IV.
460 4069 486 4118 p.
506 4051 730 4106 acoenonoetus
754 4051 853 4118 inpono
875 4046 924 4118 (oi
940 4049 1073 4117 Alpem),
1091 4039 1161 4102 ὥστε
1179 4043 1260 4116 μόλις

139 4133 347 4204 στρατοπέδοις
363 4132 498 4206 μεγάλως
516 4129 660 4204 erpennio
678 4131 755 4192 εἶναι
774 4133 827 4203 τὴν
840 4129 919 4201 ὁδόν,
938 4127 1131 4203 ὀγδοηκοστὸν
1149 4124 1178 4186 δ’
1198 4129 1260 4193 ἔτος

138 4222 332 4290 πολεμοῦντες
350 4214 393 4286 (oi
406 4211 548 4289 Ῥωμαῖοι)
568 4214 760 4288 διεπράξαντο
777 4215 872 4288 μόλις,
894 4210 965 4272 ὥστ’
988 4212 1035 4274 ἐπὶ
1059 4212 1172 4274 δώδεκα
1194 4234 1260 4272 στοι-
1304 4291 1307 4296 .

138 4306 223 4367 δλοτς
244 4303 277 4362 vd
299 4299 418 4368 πλάτος
431 4299 570 4361 ἀνεῖσθαι
592 4299 646 4374 τὴν
670 4300 740 4360 tote
763 4307 824 4366 τοῖς
841 4296 974 4360 ὁδεύουσι
993 4303 1126 4374 δημοσίᾳ.
1157 4305 1194 4358 cf.
1211 4305 1259 4359 IV.

138 4394 245 4458 p.180.
