3184 5162
553 463 639 520 Pius
660 463 679 520 1.
724 463 831 521 cniva
851 465 870 522 1.
1041 517 1044 522 .
1229 467 1270 533 49

145 631 285 693 omnihus
308 631 400 692 rebus
422 629 495 691 nihii
517 631 653 702 traditur,
672 638 767 709 atque
790 637 859 694 cunt
881 632 986 694 iisdem
1009 633 1094 694 66616
1115 634 1180 712 ipsa
1196 635 1269 695 urbs

144 735 281 795 maximis
304 732 435 795 motibus
458 741 537 796 essct
558 737 723 805 concitata,
747 735 832 798 iacile
854 734 1052 814 intellegitur,
1076 745 1170 816 6666,Ι
1186 743 1268 816 post·

145 855 233 916 quam
257 855 374 898 summa
396 854 498 897 rerum
526 844 609 898 trans
632 836 721 917 Alpes
743 837 843 899 decisa
866 844 947 908 erat,
977 837 1013 898 ad
1045 838 1211 918 pacandum
1239 846 1270 899 61

142 939 358 1000 instituendam
379 939 561 1017 provinciam
584 939 626 1000 ibi
653 938 778 1010 fiebant,
809 959 844 1000 ea
872 941 951 1001 inter
978 939 1058 1002 illam
1086 939 1267 1003 urbanarum

143 1059 248 1102 rerum
272 1042 445 1119 gravitatem
468 1041 580 1118 fugisse
603 1050 794 1122 posterorum
817 1044 1000 1104 memoriam.

230 1143 399 1203 Constituto
422 1150 520 1205 autem
544 1145 693 1206 exteriore
714 1146 884 1224 provinciae
907 1152 998 1215 statu,
1023 1144 1180 1224 descriptis
1202 1145 1266 1206 lini·

143 1243 202 1305 bus
229 1263 291 1305 non
320 1245 446 1306 minoris
474 1248 617 1307 momenti
650 1253 714 1308 erat
748 1246 911 1309 ordinanda
944 1247 1070 1308 interior
1097 1247 1267 1326 provinciae

141 1347 250 1407 forma.
296 1347 333 1407 Et
354 1344 424 1406 belli
447 1347 567 1425 quidem
596 1349 662 1409 iure
690 1348 833 1428 quidquid
854 1350 887 1409 in
909 1349 1089 1410 deditionem
1112 1355 1266 1428 receptum

143 1457 210 1510 erat
232 1449 305 1527 agri,
331 1454 381 1510 aut
403 1451 466 1526 agri
490 1449 638 1528 vectigalis
653 1451 748 1512 iorma
763 1451 849 1511 reddi
870 1452 967 1530 potuit
987 1451 1135 1528 indigenis
1157 1457 1208 1512 aut
1230 1451 1266 1512 ad

141 1549 336 1612 deducendas
358 1550 488 1613 colonias
511 1553 653 1613 converti.
698 1554 735 1613 Α1
762 1571 851 1632 quam
878 1555 909 1613 in
937 1552 991 1614 hac
1014 1571 1047 1614 re
1071 1554 1197 1617 victores
1219 1570 1265 1614 se·

141 1660 312 1730 querentur
325 1653 482 1722 rationem,
506 1652 599 1714 multo
615 1656 714 1715 minus
730 1674 766 1715 ex
785 1657 879 1734 ipsius
894 1656 1063 1735 provinciae
1080 1655 1259 1722 condicione,

141 1773 236 1833 quam
259 1773 294 1816 ex
318 1772 421 1816 rerum
446 1754 627 1817 urbanarum
651 1758 703 1833 qui
726 1764 788 1818 tum
812 1764 875 1819 erat
897 1764 976 1819 statu
991 1755 1148 1836 pendebat.
1188 1757 1264 1818 Con·

141 1864 204 1918 6161
225 1859 304 1918 16166
325 1875 446 1926 omnes,
475 1875 529 1936 por
556 1858 634 1918 idem
664 1866 797 1938 tempus,
828 1876 887 1936 quo
915 1877 990 1920 nova
1012 1859 1086 1920 haec
1112 1860 1262 1938 provincia

140 1966 229 2038 parta
251 1966 310 2029 est,
340 1960 451 2021 Romae
474 1959 510 2020 ad
540 1959 694 2021 levandam
723 1967 880 2040 urgentem
903 1960 1033 2022 urbanae
1055 1958 1151 2039 plebis
1174 1961 1264 2021 mise·

141 2063 219 2122 riam
247 2063 416 2140 propositas
443 2079 510 2122 esse
543 2061 624 2139 leges
653 2062 683 2122 C.
715 2063 886 2141 Sempronii
914 2061 1053 2130 Gracchi,
1090 2067 1205 2121 constat
1232 2062 1263 2121 16

140 2162 203 2222 iilis
225 2163 261 2223 de
284 2161 349 2241 lege
373 2162 499 2223 Gracchi
522 2165 636 2240 agraria
659 2162 900 2225 contentionibus
923 2161 1164 2225 deducendarum
1181 2155 1264 2223 trans

142 2282 227 2324 mare
254 2261 439 2326 coloniarum
467 2283 483 2325 6
516 2263 710 2344 popularibus
744 2266 850 2343 agitata
878 2283 943 2326 esse
974 2263 1111 2335 consilia,
1149 2272 1265 2325 6666161

140 2365 281 2444 denique,
305 2384 330 2440 6.
357 2371 417 2432 122
439 2384 544 2427 revera
567 2369 726 2445 contigisse
749 2367 779 2428 C.
800 2367 943 2437 Graccho,
968 2375 1001 2427 ut
1022 2368 1150 2447 primam
1167 2375 1262 2428 trans·

141 2469 288 2529 marinam
310 2469 341 2528 16
364 2469 461 2529 Africa
484 2467 626 2529 conderet
656 2467 801 2529 coloniam
824 2468 1040 2547 Carthaginem.
1086 2471 1167 2543 Quae
1194 2487 1263 2530 vcro

140 2568 249 2630 laetior
271 2587 355 2648 spes,
384 2588 460 2649 quae
483 2572 682 2649 opportunior
711 2571 893 2632 deducendis
915 2570 1040 2633 coloniis
1064 2580 1143 2634 terra
1166 2573 1265 2652 potuit

139 2672 278 2740 inveniri,
304 2688 392 2748 quam
416 2690 450 2732 ea
473 2689 547 2749 6666
569 2672 752 2753 interhlpes
776 2680 805 2734 et
819 2674 1005 2754 Pyrenaeum
1027 2673 1141 2736 italiam
1156 2674 1261 2753 iiispa·

139 2773 199 2832 niis
221 2772 363 2851 iungebat
384 2772 464 2833 felici
486 2773 569 2834 66616
593 2781 622 2835 61
644 2773 707 2834 6616
730 2773 913 2836 fertilissimo
936 2775 1061 2838 nobilis?
1098 2778 1134 2838 tlt
1157 2775 1261 2844 eodem

140 2882 277 2953 tempore
300 2874 380 2952 qnod
403 2873 599 2954 periculosius
622 2874 812 2955 popularium
842 2884 943 2938 contra
968 2880 1125 2956 optimates
1147 2893 1259 2955 propu-

139 2975 309 3054 gnaculum,
328 2994 403 3055 quae
419 2979 533 3037 6661666
548 2985 651 3040 666166
667 2984 801 3039 senatum
817 2977 893 3038 16161
924 2979 1034 3039 Verum
1049 2979 1119 3039 dum
1135 2980 1259 3056 optima·

139 3080 215 3138 tium
239 3097 299 3139 non
321 3080 420 3139 minus
443 3095 532 3156 quarn
554 3078 742 3158 popularium
757 3079 931 3140 fortitudine
954 3078 1046 3141 Gallia
1067 3078 1260 3159 Transalpina

139 3181 268 3260 imperio
290 3180 431 3250 adicitur,
460 3181 596 3242 vicerunt
621 3182 732 3243 Rornae
760 3180 905 3242 nobilium
933 3189 1036 3243 contra
1065 3180 1147 3259 leges
1176 3181 1259 3242 Sem-

138 3283 262 3362 pronias
286 3282 397 3351 studia,
427 3281 582 3361 profligata
611 3289 656 3344 cst
690 3301 793 3344 caussa
823 3284 989 3363 popularis,
1019 3283 1192 3346 ceciderunt
1221 3283 1258 3344 M.

138 3383 262 3445 Fulvius
285 3393 315 3445 ct
337 3384 367 3445 C.
393 3383 557 3454 Gracchus,
587 3387 722 3446 restituta
745 3392 790 3445 est
812 3387 998 3466 optimatium
1020 3387 1140 3448 factiosa
1164 3386 1259 3446 dorni·

137 3487 230 3556 natio,
260 3487 397 3546 restituta
425 3493 549 3563 angusta
577 3485 627 3547 iiia
655 3487 728 3547 ioris
758 3487 898 3565 domique
927 3485 1177 3549 administrandae
1199 3489 1257 3547 rei·

137 3587 277 3668 publicae
300 3588 385 3650 66116.
427 3587 524 3648 Nihilo
547 3606 617 3649 vero
640 3589 740 3650 minus
762 3607 829 3649 cum
845 3596 936 3673 parta
959 3592 1061 3668 611666
1085 3595 1162 3652 66661
1184 3607 1259 3650 6666

136 3691 291 3770 provincia
314 3706 411 3767 neque
434 3688 549 3751 sublata
571 3709 639 3751 cum
662 3690 807 3752 seditione
830 3691 983 3752 seditionis
998 3709 1103 3753 caussa
1126 3692 1186 3751 sive
1202 3693 1257 3752 mi·

138 3811 207 3854 sera
233 3791 283 3853 1116
310 3807 434 3870 magnae
462 3793 571 3853 civium
593 3792 795 3854 Romanorum
817 3795 910 3872 partis
933 3793 1083 3864 condicio,
1111 3793 1258 3873 impedire

137 3913 198 3956 uon
220 3900 386 3974 potuerunt
407 3894 575 3973 optimates,
599 3912 658 3971 quo
681 3896 779 3956 minus
801 3896 932 3957 serretur
955 3895 1011 3967 lex,
1035 3901 1069 3955 ut
1089 3894 1258 3955 Narbonem

137 4002 243 4075 utpote
266 3995 364 4057 locum
388 3997 525 4074 inprimis
548 4004 750 4075 opportunum
774 3998 879 4058 civium
903 3996 1105 4058 Romanorum
1129 3994 1256 4055 deduce-

136 4105 223 4158 retur
241 4096 366 4159 colonia.
406 4097 551 4158 Dissuasit
567 4098 681 4159 scilicet
696 4097 793 4176 legem
810 4098 957 4168 nobilitas,
975 4097 1036 4167 sed,
1055 4104 1087 4157 ut
1102 4096 1195 4156 661661
1211 4095 1256 4156 Ci-

136 4216 218 4269 6666,
241 4200 274 4261 L.
292 4199 424 4260 Licinius
439 4197 489 4259 1116
505 4199 639 4269 Crassus,
662 4200 714 4278 qui
727 4207 831 4278 postea
847 4218 961 4260 summa
978 4197 1164 4276 eloquentiae
1179 4197 1257 4256 lama

133 4302 286 4372 inclaruit,
312 4301 894 4380 166666166661616666666666166666,
920 4309 953 4361 ut
968 4301 1059 4361 moris
1083 4305 1155 4368 erat,
1180 4299 1256 4360 viam

133 4404 309 4483 ingrediens
331 4403 368 4464 ad
391 4391 607 4482 rempublicam
630 4409 805 4472 accesserat,
829 4421 889 4463 non
912 4402 1008 4464 solurn
1031 4399 1156 4481 pertulit
1177 4399 1256 4462 illam

186 4537 309 4589 Herzog,
328 4501 558 4578 (1611166116616.16161.
1035 4511 1054 4570 4
1134 4547 1137 4554 v
