3148 5160
322 473 381 534 188
708 466 791 522 PARS
814 466 844 521 ll.
888 465 994 523 CAPVT
1017 465 1048 520 ll.

319 637 470 716 funeraria
497 634 662 696 Mommsen
691 633 808 694 abunde
836 633 972 711 probavit
1006 632 1042 692 de
1071 630 1165 710 eaque
1200 598 1235 692 rb
1267 633 1345 694 infra
1374 633 1442 701 erit,

320 739 400 817 quod
424 738 572 812 dicamus3
596 737 747 803 funeraria
771 753 841 796 vero
864 754 896 796 re
920 753 981 796 non
1002 753 1120 797 omnem
1137 733 1332 812 collegiorum
1355 743 1442 795 natu·

319 861 383 904 ram
407 859 472 902 esse
496 837 674 906 absolutam,
698 839 757 898 iam
778 837 847 898 inde
870 845 1007 917 apparet,
1032 837 1112 913 quod
1134 855 1193 898 non
1216 837 1390 915 promiscue
1412 839 1443 897 in

320 941 393 1002 haec
416 941 539 1020 collegia
562 941 697 1001 coierunt
719 939 854 999 homines
876 930 1044 1008 tenuiores,
1067 939 1119 998 sed
1141 937 1314 1018 quaestibus
1337 945 1367 998 el
1390 957 1441 1016 ge·

320 1063 393 1106 nere
415 1046 491 1104 vilae
513 1043 612 1110 divisi,
637 1041 776 1120 quodque
806 1040 862 1101 alia
890 1040 1006 1118 opificia
1039 1057 1193 1117 nunquam
1220 1059 1281 1100 non
1309 1057 1442 1100 comme-

320 1152 476 1210 morantur
499 1146 557 1206 nisi
579 1163 594 1204 a
617 1141 741 1220 singulis
764 1141 934 1202 bominibus
958 1144 1102 1210 exercita,
1126 1141 1181 1202 alia
1204 1141 1240 1202 ab
1269 1140 1445 1202 homiuibus

321 1246 439 1324 collegii
462 1247 557 1306 lomna
578 1247 696 1306 iunctis.
729 1244 813 1306 Unde
837 1245 1039 1322 suspicamur,
1063 1243 1157 1305 latere
1179 1245 1210 1303 in
1232 1243 1278 1302 bis
1301 1243 1444 1322 opiticum

321 1348 454 1425 collegiis
477 1347 634 1428 specialem
657 1346 806 1426 quandam
829 1363 963 1406 caussam
986 1346 1148 1406 subiectam
1164 1343 1297 1422 generali
1319 1363 1445 1406 caussae

321 1451 499 1511 lunerariae.
529 1449 678 1510 Exercent
701 1456 795 1510 artem
818 1464 902 1508 suam
925 1452 1009 1508 extra
1031 1446 1157 1523 collegia
1171 1443 1355 1524 Narboneffl)
1379 1465 1443 1507 am-

321 1550 483 1631 pullarius,
514 1552 690 1627 auguarius,
720 1550 926 1628 capistrarius‚
957 1549 1102 1610 clavarius
1130 1548 1332 1616 materlarius,
1362 1546 1444 1608 lana·

321 1655 399 1722 rius,
424 1653 636 1732 purpurariam,
665 1653 811 1729 sagarius,
841 1650 999 1718 solearius;
1030 1651 1169 1710 Nemausi
1198 1651 1358 1718 cartarius,
1386 1648 1444 1709 lin-

321 1756 450 1823 tearius,
474 1754 688 1815 marmorarius
711 1761 739 1813 et
754 1751 930 1831 lapidarius,
957 1754 1006 1828 qui
1021 1752 1102 1812 idem
1123 1757 1169 1812 est
1191 1759 1312 1812 exactor
1334 1768 1446 1830 operae

322 1855 473 1936 publicae,
506 1856 662 1916 vestiarius
690 1853 825 1923 Italicus,
855 1860 977 1922 unctor;
1007 1855 1139 1914 Viennae
1172 1855 1307 1930 sagarius
1334 1850 1445 1913 Roma-

322 1957 439 2025 nensis;
471 1956 606 2018 Genavae
636 1957 785 2034 segarium
817 1957 895 2016 Deae
917 1957 1128 2017 Vocontiorum
1158 1957 1359 2032 argentarius,
1390 1973 1445 2015 un·

322 2058 491 2136 guentano}
516 2058 660 2120 l'oroiulii
681 2059 889 2137 purpurarios.
922 2058 1031 2120 Contra
1053 2055 1177 2135 collegia
1199 2055 1340 2135 opificum
1363 2075 1445 2116 corn·

322 2167 528 2222 memorantur
541 2161 680 2221 Narbone
695 2159 849 2221 labrorum
866 2160 1126 2227 subaedianorum,
1139 2158 1279 2219 Nemausi
1290 2158 1447 2220 labrorum

323 2264 516 2339 tignariorum
534 2269 563 2323 et
580 2261 816 2331 utriolariorum,
838 2263 870 2322 in
885 2261 997 2322 Helviis
1017 2267 1174 2322 nautarum
1189 2259 1445 2330 Rhodanicorum,

323 2363 440 2424 Arelate
480 2371 637 2424 nautarum
673 2365 919 2432 Druenticorum,
961 2361 1209 2424 naviculariorum
1249 2364 1446 2430 marinorum,

324 2464 478 2526 fabrorum
508 2466 721 2540 tignariorum,
752 2466 1008 2534 centonariorum,
1038 2463 1275 2532 utriclariorum,
1303 2464 1448 2541 Ernagini

324 2565 561 2633 utriclariorum,
585 2564 669 2626 Glani
693 2566 765 2626 Livii
788 2572 946 2627 nautarum
968 2567 1173 2634 Araricorum,
1204 2565 1256 2643 qui
1283 2564 1363 2625 baud
1390 2564 1447 2626 du·

325 2667 373 2728 bie
398 2666 557 2744 Luguduni
579 2666 795 2738 consistebant,
820 2669 970 2729 Avenione
994 2669 1249 2736 centonariorum,
1274 2664 1448 2726 Cabelliune

324 2768 555 2836 utriclariorum,
579 2768 730 2829 valentiae
754 2768 1043 2848 dendrophororum,
1069 2775 1098 2829 et
1113 2767 1364 2830 naviculariorum
1383 2786 1447 2828 ma·

324 2872 506 2939 ritmorum,
531 2871 662 2931 Viennae
677 2877 835 2932 nautarum
859 2880 888 2932 et
902 2870 1072 2940 labrorum,
1094 2871 1228 2931 Genavae
1244 2871 1447 2939 ratiariorum,

325 2973 451 3036 Vasione
481 2973 724 3034 centonariorum
761 2979 790 3033 et
816 2972 986 3040 labrorum,
1016 2971 1246 3051 Carpentoracte
1280 2970 1448 3038 labrorum,

324 3076 416 3154 Aquis
445 3077 554 3136 Sextiis
582 3078 837 3144 centonariorum,
871 3072 999 3152 Antipoli
1035 3072 1270 3154 utriclariorum,
1300 3071 1450 3134 Massiliae

326 3179 568 3240 centonariorum
604 3183 632 3236 et
660 3176 949 3256 dendrophororum.
978 3211 1022 3220 ——
1049 3176 1129 3248 Quae
1163 3176 1223 3236 duo
1256 3155 1450 3254 opificiorum

326 3297 436 3356 genera
460 3281 484 3338 si
508 3297 728 3357 comparamus,
752 3277 839 3338 lacile
861 3277 1009 3348 videmus
1039 3277 1165 3338 alterum
1187 3294 1283 3355 genus
1307 3277 1451 3337 constitui

325 3382 363 3440 iis
385 3381 500 3458 operis,
524 3399 600 3459 quae
622 3380 708 3442 facile
731 3380 914 3458 singulorum
937 3382 1056 3458 negotio
1080 3387 1109 3440 et
1129 3397 1220 3458 parva
1234 3379 1363 3458 pecunia
1377 3397 1450 3458 pos·

328 3489 396 3542 sunt
419 3483 553 3541 exerceri
576 3489 605 3541 et
626 3499 752 3559 quarum
775 3500 891 3542 merces
914 3483 1013 3544 tenuis
1035 3487 1221 3542 mercaturae
1244 3482 1290 3539 via
1313 3479 1449 3540 vendun-

327 3590 393 3652 tur,
418 3580 544 3643 alterum
566 3602 636 3644 vero
660 3586 771 3645 maiore
793 3585 920 3663 pecunia
943 3592 973 3644 et
994 3583 1159 3644 coniunctis
1180 3580 1313 3660 plurium
1335 3579 1451 3642 viribus

327 3685 477 3762 indigere,
503 3692 534 3744 ut
556 3686 612 3744 rite
634 3687 729 3763 possit
752 3687 901 3754 exerceri,
932 3692 961 3746 et
983 3685 1162 3744 commercio
1191 3681 1330 3761 ampliori
1358 3689 1451 3758 atquc

328 3786 406 3848 ultra
427 3787 581 3865 proximos
604 3788 677 3847 fines
698 3787 833 3848 tendenti
856 3805 921 3848 esse
943 3788 1087 3846 iunctum.
1119 3785 1200 3856 Quae
1223 3802 1292 3844 cum
1314 3785 1355 3844 ita
1377 3785 1449 3849 sint,

328 3907 484 3950 censemus
508 3888 630 3966 collegia
651 3889 715 3960 illa,
746 3895 889 3968 quantum
919 3907 1001 3948 mere
1029 3889 1141 3967 privata
1170 3895 1254 3948 erant
1283 3903 1381 3964 neque
1412 3885 1451 3946 ad

328 4011 464 4018 —a-u-

396 4075 440 4142 87)
467 4077 600 4126 Numeros
628 4077 840 4140 inscriptionum
863 4089 1002 4144 apponere
1031 4073 1189 4139 supersedi,
1220 4071 1292 4138 quod
1319 4070 1452 4138 opificum

329 4162 564 4228 collegiorumque
589 4161 722 4226 cuiusque
745 4160 839 4227 oppidi
864 4159 941 4208 tituli
964 4163 1069 4210 certum
1092 4157 1216 4208 suumin
1235 4157 1390 4222 appendice
1409 4156 1452 4206 lo-

329 4262 391 4296 cum
413 4245 527 4300 habent.
568 4245 647 4308 Quae
671 4244 839 4310 singulorum
866 4245 1005 4295 nominum
1027 4245 1065 4294 sit
1085 4241 1268 4308 significatio,
1292 4259 1326 4292 ex
1347 4241 1452 4292 lexicis

328 4335 421 4396 polest
438 4333 571 4396 perspici,
590 4331 644 4380 nisi
656 4331 728 4396 quod
741 4329 869 4396 augnarii
887 4344 1016 4393 e1·squae
1035 4330 1084 4390 sit,
1102 4343 1192 4394 neque
1211 4344 1245 4378 ex
1262 4327 1341 4380 verbi
1358 4325 1454 4377 formu

329 4428 420 4478 neque
439 4413 549 4466 aliunde
568 4418 661 4481 potest
679 4414 793 4469 desumi,
1102 4410 1105 4416 ’
