3148 5160
343 467 404 528 218
722 465 805 521 PARS
828 465 856 521 ll.
895 465 1000 521 CAPVT
1024 465 1051 521 ll.

342 632 552 707 ministrationi
572 631 717 710 pecuniae
739 631 891 710 publicae,
921 649 997 709 quae
1019 635 1087 702 iam,
1112 636 1250 710 quoniam
1274 637 1374 713 potior
1397 639 1458 695 erat

342 734 432 794 officii
454 751 533 813 pars,
558 752 666 794 nomen
689 751 808 810 quoque
831 733 913 794 dedit
934 733 1049 796 honori.

426 836 508 907 Quae
531 836 742 896 Viennensium
765 842 795 895 et
817 836 1062 898 Nemausensium
1085 840 1309 916 magistratuum
1334 841 1457 900 mutatio
1534 904 1536 912 ¹

341 956 397 1017 pro
418 937 527 997 indicio
550 936 654 1000 haberi
676 940 771 1017 possit
793 941 896 998 mutati
919 939 1023 1000 eodem
1047 947 1182 1019 tempore
1198 942 1281 1001 iuris.
1318 940 1355 1000 Et
1372 942 1457 1001 Vien-

341 1058 397 1100 nae
426 1038 546 1117 quidem
574 1059 633 1100 non
663 1040 699 1099 de
727 1042 844 1100 civitate
871 1040 1018 1110 Romana,
1049 1059 1136 1118 quam
1165 1040 1221 1102 sub
1243 1044 1378 1120 Augusto
1401 1043 1457 1102 iam

271 1123 275 1128 ⁵
341 1141 452 1202 babere
475 1149 647 1220 coeperant,
678 1144 772 1221 possit
794 1144 855 1220 agi,
886 1142 937 1202 sed
961 1143 998 1203 de
1020 1144 1086 1204 iure
1108 1144 1217 1214 ltalieo,
1245 1144 1386 1205 Nemausi
1410 1163 1458 1204 au·

341 1249 401 1303 tem
424 1245 517 1321 possit
538 1245 662 1320 cogitari
690 1244 726 1303 de
750 1243 892 1304 latinitate
921 1251 1030 1305 mutata
1059 1246 1088 1304 in
1113 1247 1268 1307 civitatem.
1313 1248 1350 1306 At
1372 1265 1457 1307 aecu-

341 1346 435 1404 ratius
458 1345 482 1403 si
505 1346 680 1423 inspexeris,
704 1351 842 1416 neutrum
866 1345 1023 1425 probatur:
1049 1365 1177 1424 uanique
1199 1348 1382 1408 Nemausum
1404 1346 1458 1408 sub

342 1447 522 1524 Vespasiano
546 1448 691 1508 civitatem
716 1447 845 1508 nondum
868 1447 1008 1509 habuisse
1030 1456 1154 1528 apparet
1177 1449 1345 1518 ex·Plinio,
1371 1450 1457 1510 Vien-

341 1566 397 1607 nae
426 1555 522 1608 autem
552 1567 639 1608 onme
667 1547 750 1608 deest
785 1557 1008 1627 argumentum,
1042 1550 1121 1610 unde
1153 1567 1249 1628 usque
1282 1551 1317 1611 ad
1346 1549 1458 1612 Claudii

342 1656 477 1718 aetatem,
501 1669 590 1728 quem
613 1651 687 1710 iuris
702 1650 793 1710 ltalici
813 1658 964 1712 auctorem
988 1653 1079 1712 luisse
1103 1671 1193 1732 supra
1217 1655 1384 1722 statuimus,
1409 1671 1454 1712 re·

341 1752 422 1811 serre
449 1750 537 1812 liceat
565 1751 645 1812 illam
673 1754 875 1813 mutationem.
923 1754 1016 1814 lmmo
1040 1755 1065 1813 si
1088 1754 1339 1823 consideraveris,
1370 1754 1456 1814 Vien-

340 1871 410 1912 nam
433 1860 462 1913 et
483 1853 664 1913 Nemausum
688 1854 775 1932 longe
798 1856 925 1915 maxima
953 1855 1093 1915 lrabuissc
1122 1857 1285 1924 territoria,
1310 1855 1391 1916 illam
1416 1863 1456 1914 to·
1503 1899 1506 1910 .

342 1961 402 2014 tam
416 1954 607 2032 Allobrogum
630 1957 785 2026 civitatem,
809 1956 889 2017 hune
906 1959 1049 2018 maiorem
1073 1959 1136 2034 agri
1151 1957 1308 2018 Volcarum
1331 1965 1456 2037 partem,

340 2057 525 2136 probabilius
548 2057 709 2127 videbitur,
740 2061 865 2138 positam
896 2078 961 2119 esse
989 2061 1159 2120 mutationis
1188 2077 1321 2120 caussam
1351 2061 1382 2120 in
1405 2058 1457 2118 bac

342 2159 485 2219 territorii
507 2159 700 2238 amplitudine
724 2167 753 2219 et
782 2179 831 2230 eo,
862 2163 913 2237 qui
941 2162 1110 2221 necessario
1139 2161 1207 2221 inde
1236 2161 1365 2222 debebat
1393 2179 1456 2221 eve-

342 2262 417 2330 nire,
442 2263 628 2339 negotiorum
652 2261 786 2340 cumulo,
816 2262 943 2340 ideoque
972 2280 1151 2341 quamquam
1176 2283 1233 2323 non
1256 2281 1383 2342 prorsus
1412 2281 1455 2322 ea·

342 2363 409 2422 dem
433 2364 552 2422 nomina
580 2364 609 2422 in
640 2362 755 2424 duabus
785 2363 951 2424 civitatibus
978 2365 1157 2433 invenimus,
1187 2365 1333 2424 rationem
1362 2371 1456 2424 tamen

342 2464 514 2523 mutationis
537 2463 663 2524 similem
688 2465 789 2525 luisse.
836 2464 986 2542 Agebatur
1007 2468 1099 2544 igitur
1121 2466 1157 2526 de
1175 2444 1363 2527 sublevandis
1380 2484 1455 2526 sum-

342 2565 399 2624 mis
422 2565 656 2642 magistratibus:
682 2567 760 2644 quod
785 2569 914 2627 Viennae
936 2569 976 2627 ita
999 2569 1115 2628 videtur
1138 2587 1203 2628 esse
1226 2569 1404 2636 institutum,
1427 2574 1456 2626 ut

343 2685 414 2726 eura
437 2684 571 2746 operum,
596 2683 671 2743 quae
693 2687 763 2746 pars
786 2669 883 2729 luerat
906 2677 934 2728 et
956 2670 1044 2730 oltieii
1066 2669 1306 2746 quattuorviralis
1329 2677 1359 2730 et
1381 2668 1454 2729 aedi-

343 2767 447 2836 litatis,
472 2768 674 2847 peculiaribus
698 2770 865 2831 traderetur
889 2772 1124 2848 magistratibus,
1151 2771 1313 2831 triumviris
1337 2771 1395 2830 illis
1416 2770 1454 2830 lo·

344 2889 447 2930 eorum
469 2870 657 2948 publicorum
679 2872 967 2950 persequendorum‚
992 2875 1100 2933 aerarii
1122 2880 1221 2933 autem
1244 2871 1454 2932 administratio

343 2990 359 3032 a
387 2974 511 3032 summis
541 2973 764 3051 magistratibus
797 2977 937 3035 transiret
972 2975 1007 3034 ad
1041 2975 1221 3054 peculiarem
1255 2975 1454 3052 magistratum

343 3073 568 3134 duumvirorum
591 3077 708 3145 aerarii,
734 3075 847 3155 reliqua
869 3077 997 3154 denique
1019 3077 1174 3161 aedilitatis
1187 3094 1320 3137 munera
1345 3079 1395 3136 uni
1416 3075 1453 3136 al·

343 3176 436 3235 terive
452 3193 597 3236 novorum
616 3177 765 3238 honorum
780 3181 985 3256 iungerentur.
1033 3178 1141 3239 Contra
1164 3179 1306 3239 Nemausi
1329 3177 1452 3238 aedilita-

343 3278 382 3336 tis
404 3277 522 3355 quidem
545 3276 642 3340 honor
666 3288 710 3340 est
733 3287 938 3351 conservatus,
968 3299 1151 3340 summorum
1181 3287 1280 3340 autem
1303 3281 1451 3357 magistra·

300 3441 303 3446 ,
345 3383 428 3437 tuum
453 3385 482 3438 et
503 3397 646 3440 numerus
668 3381 835 3460 duplicatus
858 3388 887 3441 et
909 3399 1020 3443 nomeu
1042 3387 1196 3442 mutatum.
1243 3382 1372 3442 Viennae
1388 3397 1452 3439 vero

346 3485 377 3538 ut
405 3477 560 3540 aedilitatis
589 3501 700 3542 nomen
721 3483 875 3553 tollerent,
905 3502 940 3544 eo
968 3485 1094 3544 sortasse
1122 3489 1191 3542 sunt
1218 3482 1352 3551 adducti,
1380 3479 1452 3558 quod

345 3581 532 3657 magistratus
553 3584 685 3644 vicorum
710 3584 853 3654 Genavae,
878 3586 1033 3646 Cularonis
1054 3591 1108 3644 ete.
1134 3583 1358 3664 appellabantur
1379 3581 1451 3643 aedi·

346 3684 403 3755 les,
434 3687 581 3763 aquibus
610 3686 774 3766 oppidanos
803 3688 993 3764 magistratus
1021 3689 1165 3748 intererat
1193 3669 1313 3746 nomin'e
1342 3701 1452 3762 quoque

345 3788 496 3865 distingui.

430 3888 500 3950 lnde
523 3891 548 3948 si
570 3890 748 3951 revertimur
771 3890 805 3950 ad
829 3889 958 3950 honores
985 3887 1179 3968 municipales
1199 3885 1381 3957 ordinarios,
1410 3887 1451 3944 vix

345 3997 444 4071 potest
466 3992 589 4051 fortuito
612 4009 681 4051 casu
705 4009 770 4052 esse
794 3993 918 4059 lactum,
950 3997 982 4051 ut
1008 3993 1040 4051 in
1069 3991 1193 4052 coloniis
1222 3992 1331 4050 civium
1352 3990 1451 4050 lloma·

346 4111 454 4154 norum
476 4092 650 4152 duumviros
671 4095 855 4153 inveniamus
881 4094 941 4152 iuri
963 4092 1106 4162 dicundo,
1135 4095 1165 4153 iu
1196 4091 1322 4153 coloniis
1348 4089 1453 4152 Latinis

346 4190 635 4273 quattuorviros.¹⁴⁸)
679 4196 814 4255 Attamen
845 4202 878 4255 ut
906 4213 965 4254 non
993 4195 1115 4255 fortuito
1141 4193 1172 4254 id
1201 4194 1389 4267 estfactum,
1416 4191 1453 4249 ita

416 4411 474 4475 148)
502 4413 578 4464 Certi
605 4419 669 4464 sunt
696 4414 832 4466 duumviri
858 4414 886 4464 in
910 4413 1026 4491 coloniis
1050 4415 1150 4464 civium
1172 4413 1315 4485 Narbone,
1338 4410 1452 4472 Arelate,
