3148 5160
338 439 398 500 162
456 452 459 456 ’
722 435 805 494 PARS
827 437 857 492 11.
902 436 1008 492 GAPV'l'
1029 435 1059 491 11.

336 605 451 664 3133331
477 604 599 680 antiquo
625 601 847 663 foederatorum
874 603 940 662 1333
968 601 1025 669 311,
1057 606 1208 680 separatas
1238 619 1255 660 a
1284 598 1453 676 legionibus

336 707 397 766 3133
424 704 564 765 cohortes
592 705 653 764 3133
680 703 741 764 3133
768 704 911 764 exercitui
938 702 1074 763 Romano
1102 701 1327 781 suppeditandi;
1364 707 1453 779 atque

335 825 429 886 usque
459 807 495 867 ad
523 805 653 866 medium
682 807 802 866 tertium
824 823 853 884 p.
878 804 930 865 oh.
961 803 1113 866 saeculum
1140 803 1217 864 banc
1240 804 1452 864 Vocontiorum

335 908 488 971 cohortem
521 907 700 968 remansisse
732 914 857 968 testatur
879 907 929 966 1113
952 906 1094 967 Ρ31113313
1116 906 1153 966 de
1175 905 1329 966 Postumio
1357 904 1451 966 locus,

335 1009 460 1072 Obstare
484 1008 603 1088 quidem
623 1009 755 1078 videtur,
785 1010 864 1088 quod
894 1010 1105 1087 inscriptiones
1130 1015 1250 1067 nostrae
1273 1025 1322 1066 nn.
1348 1013 1452 1074 477—

299 1111 396 1179 180
419 1111 527 1172 milites
548 1110 730 1188 legionarios
753 1109 895 1172 exhibent
917 1130 933 1171 3
955 1110 1035 1171 Luco
1057 1110 1182 1186 Augusti
1205 1116 1296 1178 ortos,
1320 1109 1372 1188 qui
1394 1107 1452 1168 Lu-

335 1233 387 1274 cus
415 1213 540 1290 Augusti
566 1212 604 1273 ob
632 1213 743 1274 tribum
775 1212 931 1278 Voltiniam
967 1213 1012 1271 vix
1040 1211 1116 1272 allus
1144 1230 1210 1272 esse
1237 1217 1336 1289 potest
1362 1228 1450 1289 quam

334 1315 544 1376 Vocontiorum
565 1314 638 1374 illud
659 1313 818 1394 oppidum;
843 1322 872 1374 at
894 1331 992 1390 neque
1016 1331 1051 1374 ex
1074 1314 1225 1374 mentione
1248 1311 1380 1372 cohortis
1394 1312 1450 1371 Vo-

334 1417 501 1478 contiorum
516 1418 723 1495 consequitur,
740 1415 951 1476 Vocontiorum
967 1417 1056 1477 etiem
1074 1434 1141 1485 333,
1164 1416 1216 1492 qui
1234 1415 1311 1474 31333
1326 1413 1451 1473 Romani

334 1526 427 1588 erant,
452 1517 564 1578 alienos
586 1519 678 1579 luisse
702 1537 715 1578 3
740 1517 894 1596 stipendiis
916 1517 1100 1596 legionariis,
1124 1534 1223 1596 neque
1242 1518 1305 1594 ipsa
1328 1513 1379 1575 1113
1402 1535 1450 1576 co·

333 1620 405 1680 hors
426 1637 551 1680 necesse
573 1626 619 1679 est
640 1638 760 1699 semper
781 1620 944 1699 composita
967 1622 1006 1681 sit
1027 1637 1064 1680 33
1086 1619 1251 1686 vocontiis,
1281 1635 1349 1677 cum
1372 1616 1450 1677 haud

333 1721 422 1781 dubie
445 1722 565 1800 saepius
588 1720 749 1790 accideret,
780 1729 812 1781 31
833 1728 935 1800 333133
959 1722 1106 1782 exereitus
1130 1738 1165 1779 33
1187 1717 1326 1796 gentibus
1348 1718 1449 1779 loede-

333 1825 405 1883 ratis
428 1822 634 1883 denominatae
662 1841 698 1882 ex
725 1822 791 1882 aliis
819 1839 938 1903 quoquc
966 1822 1104 1900 gentibus
1128 1820 1340 1900 supplerentur
1363 1836 1450 1897 quam

333 1943 369 1984 33
392 1943 436 1994 33,
460 1926 544 1985 33133
566 1941 675 1984 nomen
697 1921 849 2001 gerebant.
896 1925 1004 2002 Utique
1024 1931 1182 2004 postquam
1197 1921 1364 1984 Caracallae
1380 1940 1449 1981 con·

332 2027 488 2088 stitutione
517 2043 594 2085 3333
622 2029 684 2089 212
712 2026 848 2086 Vocontii
877 2045 937 2086 333
966 2027 1065 2087 minus
1093 2043 1181 2102 quam
1209 2024 1338 2103 reliqua,
1375 2041 1450 2101 quae

331 2127 464 2189 nondum
486 2125 623 2196 babebat,
646 2127 797 2206 provincia
820 2129 966 2188 civitatem
988 2127 1152 2188 Romanam
1175 2134 1365 2205 acceperunt,
1389 2127 1450 2186 sive

332 2231 477 2291 Postumii
505 2235 600 2288 aetate
627 2227 677 2289 illa
705 2230 919 2290 Vocontiorum
946 2228 1054 2290 cohors
1083 2249 1144 2290 333
1174 2230 1233 2288 iam
1260 2227 1296 2288 ad
1320 2228 1451 2289 foederis

331 2333 476 2392 rationem
498 2330 677 2408 pertinebat,
702 2330 754 2391 sed
776 2333 890 2411 antiqui
913 2331 1001 2392 modo
1024 2333 1099 2392 iuris
1115 2331 1288 2392 memoriam
1305 2330 1448 2408 quodam·

331 2432 419 2513 modo
448 2432 649 2493 conservabat.
686 2467 721 2476 -
754 2434 889 2514 Denique
914 2435 1040 2494 fortasse
1064 2432 1210 2494 Iulienses
1235 2431 1294 2500 illi,
1320 2449 1448 2509 quorum

330 2535 499 2613 praelectus
523 2541 585 2593 3331
607 2534 638 2595 G.
663 2535 789 2614 Sappius
812 2534 937 2596 Voltinia
960 2535 1066 2597 Flavus
1096 2536 1177 2616 (333.
1203 2536 1296 2612 epigr.
1321 2553 1350 2593 3.
1377 2532 1449 2610 433)

331 2634 405 2696 nibil
426 2634 506 2696 aliud
529 2643 599 2699 sunt
622 2652 710 2712 quam
732 2637 806 2697 13333
828 2639 1040 2698 Vocontiorum
1064 2636 1108 2698 ala
1130 2636 1176 2695 331
1199 2635 1307 2697 3313333
1327 2639 1361 2695 13
1383 2634 1451 2696 13111

331 2737 478 2806 Caesaris,
511 2739 562 2814 qui
592 2738 698 2798 foedus
727 2739 878 2800 Vocontiis
906 2738 1041 2808 dederat,
1069 2736 1300 2798 bonoremhoc
1327 2739 1451 2798 nomine

329 2838 484 2918 appellata.

413 2940 587 3003 Latinorum
618 2960 685 3002 cum
707 2927 850 3002 Romanis
876 2941 982 3002 foedus
1012 2959 1078 3002 cum
1107 2943 1228 3002 nomine
1250 2943 1346 3020 magis
1369 2950 1451 3002 33331

329 3062 417 3122 quam
439 3062 482 3112 re,
507 3044 718 3104 Vocontiorum
741 3043 847 3103 foedus
869 3045 1015 3119 iniquum,
1040 3061 1099 3104 una
1121 3044 1223 3103 civitas
1246 3051 1308 3103 erat
1329 3045 1361 3103 in
1376 3062 1449 3121 pro·

328 3145 424 3203 vincia
438 3143 636 3214 Narbonensi,
661 3163 730 3205 cum
745 3162 802 3222 qua
819 3163 948 3222 aequum
964 3144 1069 3204 foedus
1083 3144 1209 3205 Romani
1224 3154 1448 3224 percusserant,

328 3244 463 3305 Massilia.
511 3245 601 3306 Cuius
633 3245 764 3308 foederis
798 3249 932 3323 aequitas
967 3265 1026 3306 non
1061 3245 1158 3307 solum
1191 3253 1257 3306 ante
1291 3246 1448 3306 Caesarem

326 3345 543 3428 31333133331,
567 3346 619 3407 sed
643 3349 731 3408 etiam
752 3356 910 3428 postquam
933 3356 1017 3427 capta
1038 3367 1054 3408 a
1078 3348 1202 3409 Caesare
1225 3346 1297 3409 urbs
1320 3346 1449 3407 deditio-

329 3447 375 3506 nis
397 3449 565 3508 rationein
587 3449 676 3509 tidem
698 3448 901 3510 Romanorum
923 3452 1016 3520 venit,
1045 3451 1201 3510 imminuta
1229 3449 1349 3528 quidem
1378 3457 1451 3510 sunt

328 3547 459 3608 foederis
481 3550 644 3620 commoda,
669 3551 721 3612 sed
743 3551 822 3628 quod
845 3551 992 3613 efficiebat
1007 3569 1133 3630 aequum
1156 3550 1271 3620 foedus,
1295 3553 1448 3628 integrum

328 3650 415 3710 ctiam
439 3659 499 3710 tum
517 3655 634 3722 mansit,
657 3653 786 3732 ideoque
801 3673 860 3714 non
876 3653 1027 3715 foederata
1042 3652 1147 3722 solum,
1172 3653 1224 3712 sed
1247 3654 1336 3713 etiam
1351 3651 1447 3712 libera

327 3748 435 3812 dicitur
456 3751 596 3815 Massilia.
605 3750 641 3834 ²⁵)
687 3754 750 3826 Qua
772 3754 909 3816 libertate
932 3753 1148 3834 comprehensa
1171 3761 1241 3815 sunt
1261 3756 1394 3834 primum
1417 3762 1449 3814 et

326 3953 398 4017 quod
417 3954 536 4006 Romani
555 3973 588 4006 ex
606 3959 667 4020 ipso
684 3955 796 4006 delectu
816 3957 954 4007 tironibus
971 3957 1114 4008 civitatem
1136 3957 1245 4008 soleant
1269 3957 1350 4021 dare,
1375 3957 1451 4022 quod

326 4053 381 4088 333
403 4044 497 4104 331331
519 4040 646 4090 adbiberi
668 4042 723 4090 nisi
745 4041 780 4090 ad
802 4041 929 4090 Latinos.
966 4040 1044 4102 Quae
1068 4042 1139 4092 ratio
1164 4043 1198 4091 ab
1221 4057 1276 4091 333
1297 4047 1379 4106 33313
1397 4043 1450 4091 im-

325 4124 402 4187 perio
425 4125 550 4174 Romano
572 4125 756 4184 inserviebat,
784 4127 885 4176 civium
909 4127 1093 4176 Romanorum
1116 4142 1201 4176 33333
1222 4125 1388 4190 sublevans,
1412 4127 1451 4178 313

328 4208 515 4274 31133333313
533 4209 597 4259 inde
616 4209 684 4259 satis
703 4209 789 4259 1131331
807 4211 833 4258 31
851 4210 920 4275 legi,
946 4211 1197 4274 3333331313113
1218 4209 1381 4274 legionibus
1399 4214 1452 4262 sti-

324 4293 428 4356 pendia
445 4293 506 4344 lieri
524 4295 559 4345 sb
579 4294 742 4376 aliisquam
761 4295 869 4346 civibus
886 4295 1028 4346 Romanis.

393 4377 437 4439 25)
456 4379 510 4428 Dio
528 4379 569 4438 41,
588 4380 629 4428 25.
666 4378 765 4430 Strabo
783 4380 829 4430 IV.
848 4396 875 4444 p.
895 4381 952 4430 181.
