3148 5160
320 474 380 537 196
706 473 791 532 PARS
812 475 842 530 ll.
886 473 993 534 CAPVT
1015 475 1045 530 ll.

311 607 348 701 ln
371 640 436 701 XIV
459 640 612 701 ordinibus
636 640 772 710 sedendi,
797 644 874 702 inter
897 660 1000 702 omnes
1022 647 1145 702 constat.
1177 641 1258 712 Quos
1281 647 1439 718 quattuor·

318 741 423 802 decim·
437 741 558 803 ordines
580 741 768 822 municipalia
790 742 905 804 theatra
928 743 1076 820 quomodo
1099 745 1158 803 sint
1183 743 1314 811 imitata,
1337 743 1439 822 ipsum

318 841 389 904 illud
414 845 634 905 Arausiensium
657 843 764 923 prohat
787 845 964 925 exenrplum.

403 944 445 1007 Ab
474 946 612 1024 ingenuis
640 945 766 1024 plebeiis
793 946 1019 1025 distinguuntur
1045 945 1153 1006 liberti.
1199 949 1236 1008 At
1264 965 1303 1015 ne
1333 965 1438 1006 eorum

319 1047 439 1124 quidem
460 1047 549 1107 turba
571 1046 720 1108 incondita
752 1054 817 1108 erat
844 1054 875 1108 et
901 1049 981 1118 lusa,
1015 1046 1065 1109 sed
1090 1047 1266 1126 corporibus
1293 1047 1386 1108 divisa
1408 1055 1439 1107 et

318 1150 494 1218 constituta,
525 1167 652 1226 quornm
680 1149 739 1210 duo
770 1157 854 1210 erant
881 1167 1006 1228 genera,
1037 1151 1202 1210 sevirorum
1229 1147 1438 1228 Augustalium
1501 1141 1504 1144 ’

318 1251 460 1321 alterum,
485 1249 612 1312 alterum
635 1250 827 1329 collegiorum
850 1252 1104 1313 luneraticiorum.

403 1353 445 1414 lle
468 1355 678 1414 sevirorum
699 1352 965 1432 Augustalium
986 1355 1122 1414 instituto
1145 1354 1170 1413 si
1192 1352 1330 1413 hocloco
1345 1351 1438 1412 verba

317 1456 457 1524 iacimus,
493 1454 634 1514 idoneum
668 1455 848 1524 indicamus,
884 1457 981 1533 primo
1015 1454 1080 1514 loco
1114 1454 1338 1516 Narbonensem
1372 1463 1439 1515 tan·

317 1563 381 1616 tum
405 1557 587 1634 provinciam
617 1558 812 1634 respicientes
845 1574 920 1634 quae
949 1555 1062 1635 lapides
1090 1555 1131 1615 ibi
1158 1565 1327 1618 monstrent
1353 1555 1438 1617 colli-

317 1675 404 1735 gere,
430 1657 561 1718 secundo
584 1656 705 1718 demum
733 1659 860 1734 quaein
889 1660 925 1718 iis
948 1658 1169 1728 desiderantur,
1194 1658 1312 1720 aliunde
1335 1660 1438 1735 requi·

317 1776 395 1819 rere.
413 1753 460 1837 104)
494 1791 527 1802 -
559 1758 596 1819 Et
624 1761 756 1836 primum
785 1759 902 1836 quidem
937 1761 1107 1836 quicunque
1137 1759 1214 1820 obvii
1247 1769 1318 1820 sunt
1347 1761 1439 1820 seviri

317 1859 510 1938 Augustales
540 1859 653 1920 ordinis
676 1867 745 1920 sunt
773 1860 920 1929 libertini;
951 1860 1059 1921 deinde
1087 1879 1239 1939 nunquam
1266 1864 1298 1922 in
1321 1861 1438 1922 Narbo·

317 1963 403 2022 nensi
426 1959 553 2039 simplici
575 1964 696 2022 nomine
712 1963 888 2040 Augustales
910 1970 1068 2032 vocantur,
1094 1963 1145 2023 sed
1168 1963 1242 2024 nulli
1257 1969 1360 2023 extant
1380 1963 1441 2022 nisi

318 2065 407 2123 sevini
428 2063 618 2140 Augustales,
644 2082 808 2141 eorumque
836 2067 867 2124 in
889 2063 1067 2144 quibusdam
1097 2065 1228 2144 oppidis,
1258 2065 1439 2144 praesertim

316 2165 472 2233 Nemausi,
507 2173 566 2225 tam
595 2182 720 2242 magnus
750 2172 795 2225 est
822 2183 981 2234 numerus,
1016 2175 1049 2226 ut
1080 2185 1140 2226 non
1172 2167 1268 2244 possit
1301 2167 1439 2243 cogitari,

317 2266 474 2343 collegium
499 2284 639 2327 senorum
663 2274 777 2327 tantum
800 2269 933 2328 virorum
961 2268 1068 2337 luisse,
1099 2285 1278 2344 quamquam
1301 2267 1440 2326 Genavae

317 2367 473 2445 collegium
497 2386 549 2428 sex
571 2371 704 2430 virorum
727 2375 977 2430 commemoratur
1006 2367 1082 2448 (app.
1106 2388 1135 2429 n.
1160 2367 1248 2448 603);
1278 2370 1439 2428 inveniun-

316 2476 365 2528 tur
389 2475 487 2529 autem
509 2469 596 2529 seviri
620 2472 701 2530 etin
724 2471 862 2532 omnibus
884 2472 947 2531 lere
970 2471 1085 2550 oppidis
1109 2477 1139 2531 et
1160 2471 1191 2530 in
1211 2471 1283 2530 vicis
1298 2469 1439 2530 Allobro-

317 2587 386 2647 gum
421 2570 583 2630 maioribus
618 2571 764 2631 Cularone
793 2569 835 2649 (n.
860 2571 952 2650 550),
984 2571 1119 2632 Genavae
1150 2572 1194 2653 (n.
1219 2569 1317 2650 603),
1346 2571 1442 2648 Aquis

316 2670 508 2748 Allobrogum
533 2671 570 2751 (n.
597 2673 677 2751 574).
716 2673 772 2743 Qui
796 2674 918 2732 veroin
942 2689 1061 2754 quoqne
1083 2672 1149 2734 loco
1173 2681 1242 2734 sunt
1264 2673 1356 2733 seviri
1378 2674 1440 2732 Au·

316 2770 462 2851 gustales,
488 2790 597 2850 corpus
621 2773 752 2834 alliciunt
775 2771 902 2853 (11342)
927 2774 1109 2853 reipublicae
1131 2777 1224 2834 instar
1239 2775 1441 2834 constitutum

317 2874 356 2955 (n.
383 2869 471 2950 534),
505 2875 536 2934 in
564 2891 622 2950 qua
651 2874 803 2952 republica
831 2874 1055 2954 distinguuntur
1083 2877 1270 2937 decuriones=
1294 2874 1359 2956 (nn.
1386 2880 1440 2940 17.

316 2975 387 3055 117)
411 2983 441 3036 et
463 2975 592 3055 populus
617 2975 655 3056 (n.
680 2973 750 3054 116)
775 2977 835 3035 sive
858 2978 909 3052 qui
932 2977 1106 3056 simpliciter
1128 2977 1269 3038 dicuntur
1285 2977 1442 3054 corporati

315 3082 375 3154 (nn.
395 3083 465 3142 116.
492 3084 561 3144 117.
580 3081 639 3143 185
657 3074 740 3154 eto),
765 3076 844 3137 unde
866 3078 936 3136 item
959 3079 1123 3156 perspicias
1145 3077 1248 3157 plures
1272 3094 1362 3154 quam
1385 3094 1442 3136 sex

316 3180 394 3238 viros
417 3177 679 3256 comprehendisse
702 3179 730 3237 id
754 3176 925 3254 collegium;
952 3196 1116 3256 eorumque
1139 3179 1337 3240 decurionum
1355 3197 1441 3238 corn-

315 3286 520 3340 memorantur
553 3279 689 3349 decreta,
725 3278 833 3357 quibus
871 3298 904 3338 ex
941 3280 1068 3358 praediis
1103 3283 1271 3340 sevirorum
1302 3297 1440 3340 commn-

317 3379 403 3440 nibus
425 3379 509 3440 locus
532 3379 618 3440 detur
641 3381 676 3441 ad
700 3390 891 3441 monumenta
919 3381 1094 3460 sepulcralia
1119 3380 1157 3462 (n.
1183 3389 1222 3447 17
1252 3382 1306 3442 clr.
1330 3400 1359 3441 n.
1384 3378 1442 3458 57)

316 3486 345 3539 et
375 3501 410 3540 ex
438 3500 505 3542 arca
537 3484 686 3542 communi
711 3479 818 3559 (ibid.)
848 3489 961 3543 statuae
979 3489 1139 3564 ,ponantur
1163 3483 1208 3563 (n.
1234 3479 1300 3559 49).
1345 3483 1441 3543 Prae·

314 3587 397 3640 terea
431 3601 466 3641 ex
499 3583 693 3644 decurionum
727 3590 757 3642 et
791 3590 1016 3661 corporatorum
1053 3602 1179 3645 numero
1212 3600 1311 3660 neque
1348 3585 1440 3660 quin·

317 3683 479 3759 quennales
510 3701 609 3760 neque
643 3691 817 3760 quaestores
850 3686 996 3754 eminent,
1031 3702 1158 3762 quorum
1186 3685 1257 3746 alibi
1284 3687 1317 3746 ut
1350 3703 1440 3745 men-

386 3985 445 4050 104)
464 3987 589 4052 Egerunt
606 3986 640 4036 de
660 3987 810 4037 sevirorum
823 3987 1015 4052 Augustalium
1033 3989 1162 4038 instituto
1179 3988 1289 4054 Egger,
1308 3991 1443 4042 Examen

317 4070 434 4134 critique
459 4070 506 4119 des
529 4070 677 4120 historiens
701 4071 815 4121 enciens
838 4071 871 4120 de
895 4071 923 4120 la
945 4073 989 4122 vie
1012 4071 1179 4136 d'Augusteq
1203 4075 1324 4139 append.
1346 4075 1386 4124 Il.
1412 4093 1443 4142 p.

316 4155 366 4202 357
385 4167 462 4216 sqq.;
481 4153 553 4202 idem
571 4155 600 4202 in
618 4153 713 4204 Revue
733 4152 852 4206 archeol.
870 4155 923 4213 Ill,
947 4153 1009 4206 livr.
1030 4159 1070 4209 10.
1091 4159 1131 4206 12.
1167 4156 1199 4206 A.
1218 4159 1264 4209 W.
1284 4159 1385 4224 Zumpt
1405 4160 1443 4210 de

313 4235 512 4300 Augustalibus
539 4241 592 4288 ete.
624 4236 716 4288 Berol.
745 4240 818 4290 1846.
859 4239 1023 4302 Marquardt
1050 4241 1078 4288 in
1106 4241 1243 4291 zeitschr.
1274 4242 1319 4292 fiir
1342 4241 1444 4294 Alter·

313 4319 438 4369 thumsw.
457 4323 522 4372 1847
540 4337 586 4374 nn.
605 4322 722 4371 63-65.
759 4323 874 4371 Henzen
892 4323 994 4373 ibidem
1013 4326 1079 4375 1848
1102 4341 1146 4378 nn
1165 4329 1292 4390 25—27;
1315 4329 1444 4380 37—40.

314 4403 490 4467 Marquerdt,
508 4404 619 4454 Handb.
638 4404 686 4453 der
703 4405 820 4455 Alterth.
839 4409 867 4470 3,
887 4409 915 4468 1,
934 4409 984 4458 ets
1002 4424 1061 4474 sqq.
