3184 5162
644 439 844 498 inuenirim.
1261 443 1301 506 23

178 617 276 678 libero
304 612 410 695 populi
433 613 594 689 sullragio,
623 626 721 686 neque
749 626 785 668 ex
813 607 919 669 iisdem
942 626 1062 687 semper
1084 608 1218 679 iamiliis,
1247 609 1300 670 sed

176 722 228 788 ita,
253 725 286 778 ut
301 717 538 794 quotiescunque
554 711 746 792 supplendus
756 719 818 772 erat
833 729 986 781 numerus,
1010 710 1203 788 dignissimus
1219 713 1299 790 quis·

178 839 238 900 qne
254 827 313 880 tam
331 837 367 878 ex
383 824 566 885 senatorum,
590 816 718 892 quitum
735 821 829 882 erant,
852 813 970 874 lamiliis
992 831 1079 890 quam
1099 833 1135 874 ex
1150 815 1187 874 iis
1202 815 1298 874 muni·

178 920 313 1000 cipibus,
336 921 388 997 qui
410 924 527 997 patrem
548 934 694 996 avumque
717 917 864 994 ingenuos
887 917 1027 996 civesque
1049 914 1228 986 habuerant,
1249 936 1298 976 co·

177 1029 343 1102 optaretur.
389 1021 548 1082 Praeterea
576 1037 613 1081 ne
636 1019 724 1080 nimis
751 1035 856 1096 magna
880 1025 960 1080 esset
985 1019 1171 1098 optimatium
1191 1024 1296 1096 poten·

176 1126 237 1192 tia,
259 1124 464 1192 instituerant,
494 1140 532 1181 ne
560 1122 637 1200 patri
665 1120 785 1197 filioque
807 1138 882 1196 neve
909 1120 1027 1182 duobus
1048 1119 1190 1182 iratribus
1211 1119 1298 1181 simul

175 1225 284 1286 liceret
301 1223 439 1285 timucbis
455 1241 530 1284 esse.
570 1222 698 1284 Senatus
720 1222 827 1284 deinde
850 1222 907 1284 sibi
929 1221 1049 1300 quidem
1072 1240 1217 1284 summam
1238 1225 1297 1282 rei·

175 1326 314 1406 publicae
337 1325 493 1392 retinebat,
518 1324 700 1404 expedienda
716 1334 813 1386 autem
830 1341 906 1402 quae
926 1341 1046 1404 quoque
1061 1323 1109 1385 die
1124 1325 1298 1403 exequenda

176 1436 265 1487 erant
287 1429 404 1504 negotia
426 1425 545 1506 publica
568 1425 726 1487 mandabat
752 1427 1008 1503 quindecimviris,
1038 1428 1100 1487 sive
1127 1426 1296 1504 quindecim

174 1531 292 1610 primis,
316 1549 384 1590 eum
408 1528 517 1607 quibus
539 1546 585 1589 ex.
610 1545 655 1605 gr.
680 1528 787 1589 Caesar
809 1530 983 1609 priusquam
1006 1528 1190 1590 obsidionem
1214 1528 1298 1589 urbis

175 1633 360 1711 susciperet,
388 1630 425 1690 de
446 1648 521 1711 pace
544 1637 573 1690 et
594 1629 722 1691 amicitia
744 1648 777 1690 se
800 1632 896 1708 egisse
919 1631 999 1692 dicit.
1009 1627 1061 1709 ⁷⁵⁸)
1105 1631 1149 1692 Ex
1172 1629 1295 1708 quinde-

173 1735 307 1794 cimviris
336 1739 436 1794 autem
464 1731 651 1809 eligebantur
675 1733 821 1808 triumviri
843 1733 983 1810 gerendis
1009 1732 1101 1793 rebus
1123 1731 1294 1801 maioribus,

172 1837 255 1896 inter
277 1835 449 1896 triumuiros
470 1833 598 1912 denique
627 1852 705 1895 unus
734 1834 899 1903 eminebat,
929 1853 1021 1914 penes
1049 1851 1138 1912 quem
1161 1853 1296 1895 summus

172 1940 206 1997 in
222 1939 339 1997 civitate
354 1929 451 1996 bonos
467 1943 554 1996 esset.
582 1935 639 2006 Qui
655 1934 786 2005 bonores
802 1943 902 1996 utrum
918 1938 1056 2014 perpetui
1071 1954 1108 1996 an
1124 1941 1207 1996 certo
1219 1942 1293 1995 tern-

172 2056 250 2118 pore
267 2038 379 2098 detiniti
393 2038 516 2105 luerint,
531 2037 638 2098 Strabo
655 2040 816 2098 memoriae
832 2056 892 2098 non
908 2035 1037 2097 tradidit.
1074 2036 1169 2114 Leges
1184 2042 1293 2106 autem,

173 2139 284 2217 quibus
311 2138 574 2200 administrabatur
605 2137 790 2218 respublica,
818 2138 925 2199 Strabo
953 2138 1024 2198 dicit
1046 2156 1221 2199 communes
1242 2157 1293 2198 nr·

172 2242 257 2302 bium
281 2240 459 2310 lonicorum,
485 2259 594 2320 easque
615 2240 734 2320 publice
756 2241 887 2301 omnium
910 2239 1004 2302 oculis
1027 2258 1094 2300 esse
1115 2241 1292 2319 propositas,

172 2343 212 2402 de
236 2342 344 2420 quibus
365 2341 482 2420 legibus
505 2342 583 2404 haud
606 2340 695 2402 dubie
718 2343 748 2401 in
763 2341 929 2402 Aristotelis
952 2341 1028 2402 libro
1051 2341 1207 2421 deperdito
1228 2341 1292 2402 lon·

170 2446 241 2522 gius
269 2444 421 2520 agebatur.
466 2443 519 2504 llis
548 2443 652 2512 addas,
682 2443 761 2520 quod
792 2443 926 2505 Valerius
953 2444 1098 2505 Maximus
1128 2443 1294 2522 singulares

171 2545 316 2624 quosdam
345 2544 575 2606 Massiliensium
603 2563 704 2606 meres
731 2547 893 2606 memoriae
924 2547 1046 2607 tradens
1073 2546 1172 2607 laudat
1198 2547 1230 2606 in
1257 2547 1293 2607 iis

171 2645 348 2726 disciplinae
370 2648 559 2724 gravitatem,
589 2649 681 2726 prisci
707 2649 800 2708 moris
826 2646 1059 2719 observantiam,
1088 2648 1219 2709 studium
1247 2647 1293 2708 vel

170 2751 203 2809 in
233 2750 363 2810 minimis
391 2747 483 2809 rebus
513 2750 610 2808 omnia
639 2749 776 2828 antiquae
805 2750 1029 2812 consuetudinis
1056 2756 1205 2810 momenta
1229 2766 1292 2808 ser·

172 2850 269 2920 vandi,
293 2858 382 2927 atque
396 2851 514 2926 insigne
529 2849 622 2911 habes
641 2849 810 2929 exemplum
827 2851 962 2921 civitatis,
987 2854 1018 2912 in
1033 2870 1091 2931 qua
1105 2851 1292 2929 optimatium

138 2956 140 2960 '
171 2950 342 3012 dominatus
365 2957 399 3010 ut
421 2953 572 3030 sapienter
599 2957 783 3030 temperatus
799 2946 851 3013 ’ita
874 2952 957 3012 lirma
980 2960 1010 3013 et
1029 2953 1176 3014 constanti
1202 2970 1292 3012 mann

170 3052 356 3131 reipublicae
375 3052 611 3131 gubernaculum
634 3060 740 3115 tenens
761 3073 817 3116 nec
837 3054 924 3116 lacile
944 3072 1056 3115 novans
1081 3055 1216 3115 instituta
1236 3071 1290 3134 pu·

170 3153 249 3214 blica
266 3152 383 3231 longius
403 3171 491 3232 quam
511 3154 581 3216 alibi
598 3174 702 3235 parem
721 3174 753 3216 se
773 3155 902 3217 ostendit
920 3155 1012 3217 rebus
1029 3156 1177 3234 gerendis.
1209 3155 1291 3228 Quae

172 3257 328 3316 universae
358 3255 624 3317 administrationis
651 3258 795 3336 sapientia
823 3274 929 3319 cuma
958 3257 1107 3320 veteribus
1135 3259 1288 3336 scriptori·

169 3357 229 3417 bus
249 3358 320 3417 satis
342 3356 531 3427 laudaretur,
553 3358 590 3418 de
612 3358 738 3436 singulis
758 3360 900 3421 institutis
922 3361 1001 3420 varia
1026 3367 1095 3422 sunt
1118 3380 1221 3422 eorum
1244 3363 1289 3421 iu·

169 3459 262 3527 dicia,
292 3459 393 3535 itaque
415 3459 590 3520 Aristoteles
618 3459 737 3538 quidem
765 3461 796 3520 id
813 3463 1009 3554 potissimum
1033 3465 1183 3542 sapienter
1205 3465 1289 3524 insti-

168 3566 267 3621 tutum
291 3566 403 3629 censet,
427 3560 506 3638 quod
530 3561 668 3641 plebeiis,
693 3564 744 3641 qni
766 3563 899 3642 suffragii
919 3566 985 3626 iure
1007 3573 1153 3634 carerent,
1176 3568 1223 3625 ius
1245 3571 1287 3625 ta·

168 3680 240 3722 men
262 3661 411 3722 bonorum
427 3680 487 3723 non
503 3670 582 3723 esset
597 3662 775 3741 denegatum
791 3665 920 3742 ideoque
935 3669 1085 3746 sapienter
1100 3675 1227 3735 cautum,
1252 3685 1290 3727 ne

169 3770 290 3825 senatus
312 3766 474 3826 auctoritas
496 3765 526 3824 in
542 3764 693 3828 factiosam
708 3767 887 3828 familiarum
907 3770 1091 3845 quarundam
1114 3770 1288 3829 dominatio·

168 3884 239 3926 nem
254 3871 395 3935 verteret,
412 3865 516 3926 Cicero
531 3874 641 3936 antem,
659 3884 836 3948 quamquam
852 3888 912 3931 non
934 3880 1031 3948 negat,
1049 3890 1164 3932 summa
1179 3871 1289 3931 iustitia

169 3987 185 4028 a
208 3966 330 4027 delectis
357 3966 416 4028 illis
443 3967 629 4048 principibus
649 3970 863 4049 rempublicam
885 3990 951 4032 esse
973 3981 1094 4042 rectam,
1119 3980 1148 4032 et
1170 3990 1288 4032 omnem

169 4069 316 4129 civitatem
339 4070 454 4146 magnis
476 4068 614 4131 laudibus
637 4071 736 4141 eliert,
757 4074 904 4133 tamenin
921 4091 954 4132 ea
972 4073 1159 4142 condicione,
1177 4075 1207 4132 in
1231 4089 1288 4148 qua

166 4169 254 4249 plebs
278 4177 343 4231 erat
365 4169 608 4242 Massiliensium,
640 4171 751 4233 iudicat
771 4175 872 4233 inesse
894 4174 1117 4235 similitudinem
1139 4173 1286 4251 quandam

236 4389 303 4460 iba)
322 4389 402 4442 Osee.
421 4390 500 4442 deb.
520 4406 544 4448 c,
563 4393 590 4454 1,
609 4395 652 4447 35.
