3184 5162
609 457 812 528 anoounrvn.
1228 458 1267 534 35

145 653 223 714 quae
245 624 377 715 partium
401 621 507 697 ¹studiis
529 643 632 715 posset
652 636 818 714 indulgere,
842 638 938 715 neque
962 654 1037 713 quac
1060 637 1268 714 Orgetorigem

145 737 328 817 sequebatur
356 737 507 798 clientium
537 739 747 799 obaeratorum
776 745 805 798 et
835 757 990 799 servorum
1019 739 1128 798 lamilia
1151 739 1268 798 diversa

146 847 211 900 erat
233 841 270 900 ab
292 839 344 900 illo
367 838 522 903 hominum
544 859 666 920 genere,
691 840 770 918 quod
787 859 822 900 ex
844 843 923 919 agris
945 849 1047 901 contra
1071 859 1138 900 curn
1162 825 1268 919 coege-

145 947 219 1002 runt
240 943 448 1020 magistratus,
478 959 575 1020 neque
599 941 742 1020 agebatur
764 944 886 1002 omnino
915 943 952 1003 de
975 943 1109 1004 novanda
1132 942 1269 1022 populari

145 1043 236 1103 modo
259 1043 422 1123 republica,
448 1043 500 1104 sed
522 1043 559 1104 de
582 1045 753 1105 reducendo
775 1046 877 1124 priore
901 1047 989 1106 unius
1011 1044 1141 1106 hominis
1163 1061 1265 1122 regno.

146 1145 257 1206 Contra
280 1147 401 1206 omnino
424 1147 516 1206 luisse
540 1145 648 1226 oppida
670 1147 827 1208 moenibus
850 1149 944 1209 cincta
965 1149 996 1206 in
1013 1146 1105 1208 Gallia
1127 1146 1267 1206 meridio-

145 1247 207 1308 nali
230 1253 298 1308 ante
320 1247 524 1309 Romanorum
546 1255 682 1318 aetatem,
707 1268 742 1309 co
766 1251 864 1310 mirrus
883 1249 1061 1326 negaverim,
1086 1248 1166 1325 quod
1180 1247 1269 1308 hodie

146 1365 269 1428 qnoque
291 1350 419 1411 duorum
443 1349 589 1410 eiusmodi
611 1351 790 1430 oppidorum
811 1357 911 1411 extant
933 1351 1045 1419 ruinae,
1070 1352 1159 1410 unius
1175 1369 1269 1429 prope

145 1453 246 1530 Aquas
269 1451 385 1512 Sextias
404 1453 435 1512 in
458 1452 625 1532 priscorum
649 1452 768 1533 Salyum
791 1453 913 1522 finibuS,
943 1451 1066 1513 alterius
1094 1469 1190 1532 prope
1219 1470 1268 1511 ur·

144 1551 218 1612 bem
240 1553 428 1634 bluntpellier
452 1553 556 1614 eodem
579 1552 660 1623 loco,
691 1573 749 1633 quo
780 1544 962 1616 aRomanis
984 1562 1088 1634 postea
1110 1556 1269 1616 constituta

146 1640 196 1715 est
219 1655 381 1716 Sextantio.
427 1655 471 1716 lbi
493 1673 569 1734 quae
593 1663 694 1716 extant
716 1659 868 1718 moenium
890 1655 1047 1733 reliquiae,
1072 1664 1103 1717 ut
1124 1676 1140 1716 a
1163 1656 1270 1716 Roma·

149 1774 261 1816 norum
277 1755 431 1817 muniendi
446 1758 562 1817 ratione
577 1775 702 1835 prorsus
718 1759 851 1820 diversae
868 1766 946 1828 sunt,
970 1761 1011 1819 ita
1025 1760 1182 1836 imaginum
1200 1758 1270 1818 dant

145 1860 215 1918 eius
237 1859 423 1928 munitioniS,
455 1875 543 1935 quam
566 1858 674 1920 Caesar
698 1867 726 1919 et
756 1861 906 1921 Vitruvius
929 1839 1103 1938 describunt
1126 1867 1157 1918 ut
1179 1858 1269 1919 Galli-

145 1956 283 2038 cam.¹¹⁰)
329 1962 439 2021 Verum
468 1958 541 2021 haec
568 1960 677 2040 oppida
706 1947 764 2021 non
794 1962 829 2021 ad
858 1961 950 2022 civilis
980 1963 1054 2020 vitae
1083 1979 1185 2030 usum,
1218 1960 1270 2020 sed
1340 1983 1342 1988 ¹

155 2201 158 2204 ’
219 2211 279 2279 110)
298 2210 378 2264 caes.
397 2215 425 2265 a.
444 2231 469 2280 g.
489 2218 518 2278 a,
537 2212 578 2264 23.
609 2216 714 2267 vitruv.
732 2201 763 2280 a,
784 2217 812 2279 1,
830 2217 856 2265 4.
892 2214 1037 2278 Reliquias
1051 2213 1144 2278 oppam
1157 2213 1270 2278 sapum

145 2297 252 2363 primus
265 2299 372 2350 invenit
385 2301 428 2350 vir
440 2299 474 2350 de
488 2299 595 2364 patriae
609 2315 676 2350 suaa
690 2299 906 2364 antiquitatibus
920 2301 1020 2363 optime
1034 2299 1147 2349 meritus
1160 2299 1271 2350 Rouard

145 2383 287 2448 Aquensis
298 2383 425 2450 idemque
437 2384 586 2449 descripsit
597 2385 626 2432 in
632 2383 714 2434 Me'm.
722 2383 755 2434 de
762 2383 866 2434 l'Acad.
876 2383 953 2432 d'Aix
959 2383 1006 2436 VI.
1020 2381 1109 2447 (1845)
1121 2387 1269 2450 p.33'lsqq.

144 2469 254 2517 Extant
273 2483 323 2519 eae
342 2470 414 2520 inter
432 2470 528 2520 urbem
545 2468 598 2518 six
618 2476 646 2520 et
663 2483 765 2535 pagum
782 2468 934 2534 Pnyricard
953 2469 981 2518 in
999 2483 1104 2518 summo
1124 2469 1204 2529 colle,
1224 2471 1271 2539 qui

145 2552 253 2602 dicitur
265 2555 288 2603 le
295 2557 401 2618 pluteuu
413 2552 603 2606 d’Eutremont.
624 2553 752 2619 Gallicae
765 2569 862 2605 revera
874 2554 990 2619 origInis
1002 2553 1055 2603 hoc
1068 2553 1197 2618 oppidum
1210 2569 1271 2606 esse

146 2639 305 2688 nouaclum
320 2654 354 2688 ex
373 2654 509 2688 murorum
528 2639 617 2690 forma
629 2639 803 2704 perspicuum
817 2644 867 2702 est,
887 2637 934 2690 sed
949 2639 1032 2688 etiam
1045 2638 1120 2702 inde,
1134 2638 1205 2703 quod
1217 2640 1271 2690 Ro·

146 2738 250 2772 manae
265 2723 441 2788 antiquitatis
455 2709 630 2775 monumenta
643 2723 720 2773 nulla
734 2723 773 2774 ibi
785 2729 896 2790 reperta
909 2727 982 2787 sunt,
1001 2727 1098 2774 contra
1111 2724 1166 2773 tria
1178 2740 1271 2774 monu-

146 2808 237 2857 menti
255 2805 373 2858 alicuius
393 2809 564 2874 fragmenta,
589 2825 659 2874 quae
685 2809 813 2860 Gallicae
837 2809 905 2859 artis
929 2823 989 2858 esse
1012 2823 1067 2857 non
1089 2813 1133 2857 est
1150 2807 1271 2860 dubium.

82 2953 86 2962 ι
147 2893 222 2942 Sunt
238 2893 260 2942 ii
284 2897 340 2943 tres
362 2892 470 2958 lapides
496 2892 624 2959 quadrati
642 2895 746 2959 reperti
769 2894 843 2943 intra
860 2893 924 2944 illos
943 2908 1046 2954 muros,
1071 2907 1183 2956 quorum
1202 2893 1270 2959 lapi-

147 2977 214 3027 dum
237 2979 425 3042 unusquisque
449 2978 505 3028 tria
531 2977 622 3028 latera
651 2977 801 3043 sculpturis
824 2978 937 3028 exhibet
960 2976 1105 3026 decorata:
1128 2976 1207 3027 vides
1231 2978 1272 3027 ibi

147 3062 210 3113 sive
230 3079 305 3112 mera
323 3061 464 3112 bominum
483 3062 578 3128 capita
596 3065 655 3114 sive
674 3061 797 3128 singulos
811 3063 928 3127 equites,
948 3062 1020 3110 inter
1032 3075 1099 3124 quos
1119 3077 1186 3110 unus
1205 3077 1271 3127 prae

148 3147 253 3199 ceteris
273 3147 383 3211 eminet,
404 3149 482 3198 cuius
499 3163 513 3196 e
528 3147 655 3198 cinctura
668 3152 752 3212 caput
764 3147 870 3196 inimici
882 3145 950 3196 victi
962 3144 1072 3210 pendet,
1085 3144 1155 3195 unde
1170 3148 1271 3212 optime

147 3232 316 3296 illustratur,
344 3230 416 3295 quod
433 3231 505 3298 legis
524 3231 597 3298 apud
616 3232 781 3283 Strabonem
798 3233 845 3283 IV.
865 3249 891 3296 p.
913 3232 960 3281 197
981 3235 1064 3281 extra
1090 3223 1220 3294 πρόςεστι
1239 3226 1271 3282 δὲ

147 3315 186 3382 τῇ
203 3305 290 3382 ἆνοίᾳ
309 3315 358 3368 καὶ
376 3308 407 3366 τὸ
427 3309 572 3382 βάρβαρον
589 3314 639 3368 uul
657 3311 688 3368 ed
710 3312 849 3382 ἔκφυλον,
873 3303 889 3364 3
907 3319 968 3374 τοῖς
985 3307 1154 3380 προςβόροις
1173 3311 1272 3367 ἔθνεσι

147 3401 374 3466 παρακολουθεῖ
387 3401 529 3465 πλεῖστον,
548 3394 579 3453 τὸ
600 3394 657 3452 ἀπὸ
676 3399 726 3467 τῆς
743 3395 836 3467 μάχης
848 3391 988 3458 ἀπιόντας
1007 3394 1058 3456 τὰς
1070 3393 1199 3464 κεφαλὰς
1218 3400 1273 3452 τῶν

147 3485 296 3552 πολεμίων
314 3477 448 3548 ἐξάπτειν
467 3479 498 3538 ἔκ
517 3487 573 3538 τῶν
596 3477 724 3552 αὐχένων
742 3485 797 3538 τῶν
817 3485 925 3548 ἵππων,
946 3483 1120 3551 κομίσαντας
1139 3479 1171 3536 δὲ
1190 3501 1272 3550 προς-

146 3562 340 3622 πανναλεύειν
357 3566 411 3636 τὴν
429 3564 506 3621 θέαν
523 3574 584 3630 τοῖς
596 3561 793 3636 προπυλαίοις.
826 3572 905 3632 Quae
923 3570 1028 3634 figurae
1045 3585 1155 3634 prorsus
1175 3569 1273 3625 eadem

149 3655 213 3706 rudi
233 3659 262 3705 et
287 3655 432 3704 incondita
456 3659 516 3704 arte
540 3655 686 3706 confectae
710 3661 774 3706 sunt
796 3671 851 3720 qua
873 3655 975 3705 nummi
999 3653 1104 3705 Gallici
1127 3659 1210 3719 atqua
1233 3657 1273 3706 vi-

149 3739 253 3790 dentur
278 3755 338 3789 esse
362 3739 498 3804 reliquiae
522 3742 631 3805 tropaei
654 3739 763 3792 Celtici.
804 3741 908 3789 Extant
931 3739 1011 3789 bodie
1034 3739 1063 3787 in
1087 3739 1273 3789 musec'urbis

149 3824 213 3888 Arx,
228 3823 277 3873 ubi
289 3823 346 3875 vidi
359 3826 428 3889 ipse.
441 3824 528 3873 —Ad
541 3824 749 3875 Sextantionem
762 3823 860 3874 deinde
879 3824 950 3890 quod
964 3823 1073 3882 attinet,
1093 3824 1217 3874 sufficiat
1228 3824 1273 3873 hic

150 3924 293 3975 apponere
313 3925 383 3972 eam,
404 3925 484 3974 quam
502 3909 621 3974 Prosper
638 3907 771 3958 Merimde
795 3909 843 3958 dat
860 3909 1074 3974 descriptionem
1094 3908 1190 3971 (Notas
1208 3906 1274 3958 d’un

149 3991 354 4060 Voy.p.361):
374 3993 426 4042 Sur
443 4010 491 4043 une
509 3994 616 4044 hauteur
633 4011 665 4043 aa
677 3995 743 4044 bord
754 3997 787 4044 du
799 3995 863 4057 Lez,
883 3995 899 4043 d
917 4010 965 4043 une
984 3995 1125 4043 demi-licus
1144 3995 1176 4042 de
1189 3992 1274 4042 Mont-

149 4080 243 4144 petlier
261 4095 294 4129 on
312 4084 402 4128 trouve
419 4080 465 4129 des
482 4086 565 4129 restes
583 4081 615 4128 de
632 4081 760 4129 rauruilles
778 4084 907 4146 antiques,
930 4078 1059 4143 beaucoup
1084 4079 1115 4126 de
1132 4077 1274 4141 fragments

151 4165 185 4213 de
206 4165 308 4229 poterae
325 4163 456 4228 proselire
479 4171 506 4214 et
528 4167 647 4230 quelques
670 4153 834 4228 inscriptions
856 4167 990 4214 romaines.
1033 4163 1058 4212 u
1078 4179 1096 4225 p
1114 4177 1130 4210 α
1153 4167 1207 4210 tout
1225 4163 1274 4208 lieu

151 4251 185 4299 de
202 4251 296 4308 croire,
316 4263 365 4313 que
377 4253 439 4297 c'est
457 4251 654 4313 l’emplucemeot
672 4250 704 4298 de
723 4251 748 4298 lu
765 4250 821 4298 cille
834 4250 942 4297 sommae
955 4247 1116 4304 deutautto„
1137 4245 1190 4294 Les
1207 4261 1275 4294 murs

151 4335 233 4384 eleves
250 4348 345 4384 encore
364 4334 429 4382 daus
448 4336 567 4398 quelques
585 4336 700 4384 endroits
716 4333 734 4383 ‘ei
752 4348 799 4382 une
817 4333 925 4381 hauteur
942 4334 974 4380 de
992 4348 1025 4380 un
1042 4331 1120 4380 matre
1138 4337 1164 4379 et
1181 4330 1275 4380 demisi

151 4420 222 4470 ἀεαα
233 4418 327 4468 mitres
345 4425 403 4468 sont
412 4418 470 4481 sort
487 4421 568 4482 spuis,
586 4419 686 4469 reodtos
703 4419 763 4468 d’un
778 4423 911 4482 peremant
928 4417 961 4466 de
971 4418 1074 4481 pierres
1091 4422 1174 4467 toules
1185 4431 1274 4480 super·

1030 4499 1073 4569 3*
