3154 5162
522 487 607 546 PARS
627 487 647 544 l.
692 488 798 546 CAPVT
821 487 863 545 lll.
1175 493 1251 564 Ι115

209 574 219 602 0

139 650 360 731 extruxisse³⁴);
390 656 516 732 legimus
538 656 661 724 deinde,
690 656 922 716 Nemausensem
949 655 1088 718 familiam
1116 658 1250 719 Aurelio·

137 775 199 816 rum
213 755 385 818 Fulviorum
399 759 612 836 imperatorem
628 757 745 818 dedisse
761 757 902 818 Romanis
913 759 1094 820 Antoninum
1110 760 1195 821 Pium
1203 757 1249 839 ³⁵),

137 857 257 935 legimus
285 858 414 936 denique
443 858 498 920 snb
528 859 633 920 eodem
661 859 810 921 Antonino
840 860 892 920 Pio
919 860 1087 921 Narbonem
1110 862 1249 922 Martium

136 960 268 1021 incendio
292 979 358 1022 esse
382 961 541 1031 afflictum,
570 963 694 1038 eiusque
716 980 804 1022 casus
826 963 922 1022 vivum
946 962 1094 1040 quoddam
1117 965 1250 1024 testimo·

136 1063 211 1122 nium
232 1062 379 1124 habemus
400 1065 431 1124 in
445 1064 640 1143 inscriptione
659 1062 786 1140 quadarn
802 1062 898 1123 adhue
914 1060 1146 1143 conservata³⁶),
1171 1065 1250 1125 unde

136 1171 264 1244 apparet,
289 1184 375 1244 opem
399 1165 502 1226 tulisse
525 1165 652 1225 afflictae
674 1164 806 1226 coloniae
821 1166 1043 1243 imperatorem,
1070 1200 1104 1209 —
1130 1174 1160 1227 at
1179 1185 1250 1228 num

135 1269 259 1343 quaein
282 1266 418 1328 civilibus
439 1268 610 1347 provinciae
632 1268 774 1328 institutis
798 1268 858 1327 sint
879 1275 998 1336 novata,
1029 1285 1100 1344 num
1124 1268 1249 1347 oppido·
1295 1269 1298 1275 '

133 1387 195 1428 rum
217 1370 285 1430 iura
308 1376 419 1430 mutata
441 1371 515 1439 sint,
546 1370 597 1445 qni
624 1368 819 1448 provinciales
848 1370 878 1428 in
901 1368 977 1430 urbe
999 1369 1076 1430 lama
1098 1369 1246 1432 inclarue-

132 1465 259 1548 noter),
283 1470 320 1530 de
344 1471 481 1532 omnibus
498 1471 643 1531 eiusmodi
657 1470 749 1531 rebus
764 1468 837 1530 nihil
853 1473 973 1531 omnino
990 1470 1067 1549 apud
1087 1473 1249 1550 scriptores

132 1573 297 1633 invenimus
319 1579 349 1632 et
371 1591 408 1632 ne
431 1567 620 1651 proconsulis
643 1573 762 1651 quidem
779 1570 867 1633 ullius
883 1590 1003 1641 nomen,
1027 1574 1078 1651 qui
1100 1591 1155 1652 per
1175 1573 1248 1633 illud

131 1681 248 1753 tempus
263 1674 444 1752 provinciam
459 1676 585 1744 rexerit,
609 1674 679 1735 libri
693 1673 779 1736 nobis
794 1674 934 1752 produnt.
972 1677 1066 1752 Atque
1083 1676 1107 1735 si
1123 1694 1158 1734 ex
1174 1677 1247 1735 scri·

130 1775 266 1854 ptoribus
289 1775 360 1836 solis
384 1777 566 1855 antiquitatis
583 1776 735 1836 Romanae
754 1775 930 1836 documenta
956 1783 1055 1836 essent
1075 1777 1247 1857 repetenda,

130 1884 275 1958 perpetuo
291 1884 414 1957 torpore
431 1895 546 1938 mersas
562 1878 702 1938 crederes
719 1883 837 1956 pacatas
854 1878 974 1955 imperii
988 1876 1113 1940 Romani
1129 1880 1248 1957 provin-

131 1980 199 2049 cias,
224 1987 254 2040 ct
281 1976 398 2040 deserta
421 1981 535 2058 potins,
565 1999 653 2058 quam
676 1981 815 2056 regiones
843 1998 859 2039 a
881 1978 1070 2039 multitudine
1095 1978 1247 2040 bominum

130 2079 272 2144 habitatas
294 2080 462 2157 cultasque;
483 2083 555 2160 quin
572 2083 630 2142 nisi
651 2080 839 2142 Ptolemaeus
862 2079 994 2141 secundo
1010 2097 1039 2157 p.
1059 2079 1110 2141 eh.
1129 2081 1248 2141 saeculo

129 2183 288 2262 imperium
308 2183 473 2244 Romanum
496 2184 713 2262 descripsisset,
737 2200 831 2260 prope
847 2180 1007 2251 dubitares,
1031 2199 1104 2241 num
1126 2183 1248 2242 omnino

130 2286 303 2346 extitissent.
348 2286 483 2345 Attamen
512 2285 567 2345 sub
595 2285 684 2344 finem
707 2285 793 2362 primi
817 2291 847 2344 et
874 2285 958 2344 initio
986 2283 1109 2344 secundi
1139 2282 1248 2344 saeculi

129 2385 339 2448 florentissimo
355 2393 433 2448 statu
450 2385 597 2464 gaudebat
619 2387 758 2447 universa
774 2385 875 2456 Gallia,
894 2392 924 2446 et
941 2383 1014 2446 haec
1030 2393 1132 2446 nostra
1154 2387 1246 2465 inpri-

128 2490 181 2550 mis
202 2489 358 2568 provincia
379 2491 458 2549 inter
477 2487 668 2550 lelicissimas
691 2487 773 2548 orbis
795 2493 896 2566 partes
918 2485 996 2548 baud
1020 2486 1108 2548 dubie
1132 2495 1177 2549 est
1198 2506 1245 2548 re-

128 2591 286 2652 censenda.
331 2590 491 2651 Testantur
513 2591 667 2650 numerosi
695 2588 809 2668 lapides
837 2591 987 2668 inscripti,
1017 2596 1163 2651 testantur
1192 2608 1245 2669 po·

128 2694 262 2753 sterioris
286 2693 430 2771 temporis
454 2694 624 2770 scriptores,
649 2693 700 2771 qui
723 2693 786 2751 eius
810 2690 900 2750 urbes
916 2689 1077 2758 celebrant,
1100 2696 1248 2751 testentur

126 2793 187 2853 vivo
215 2792 347 2873 quodam
375 2794 562 2862 testimonio,
596 2810 671 2874 quae
706 2794 769 2853 eius
797 2793 928 2869 regionis
961 2775 1138 2869 oppidorum
1167 2810 1247 2852 nunc

127 2911 243 2973 quoque
269 2896 488 2974 speciosissima
510 2893 597 2981 hodie
620 2893 801 2954 admiramur
830 2892 939 2953 decora
967 2894 1027 2952 sive
1055 2900 1247 2953 monumenta

125 2995 181 3066 illa,
204 3015 337 3078 quorum
360 2998 424 3057 sine
447 2995 537 3056 dubio
561 2996 687 3056 maxima
710 3012 779 3074 pars
807 2995 1080 3072 eximperatorem
1104 2995 1245 3070 tempori·

126 3096 177 3159 bus
200 3098 367 3160 Commodo
390 3098 572 3180 anteriorum
597 3103 766 3176 supersunt.

206 3223 318 3280 Verum
341 3217 459 3281 advenit
488 3217 606 3276 interim
630 3222 749 3295 tempus
770 3213 860 3283 illud,
890 3231 948 3292 quo
970 3212 1150 3277 rebellantes
1173 3234 1243 3294 pro·

125 3320 288 3381 vinciarum
313 3325 447 3380 rectores
474 3319 505 3378 in
534 3336 627 3378 annos
655 3317 703 3377 alii
731 3317 889 3395 imperium
912 3323 1078 3395 coeperunt
1100 3336 1246 3396 usurpare

124 3428 151 3480 ct
173 3423 256 3483 orbis
281 3420 433 3482 Romanus
453 3421 607 3498 perpetuis
629 3421 843 3499 imperatorum
872 3417 1113 3480 contentionibus
1135 3419 1246 3480 divisus

124 3530 151 3583 et
177 3523 362 3585 dilaceratus
389 3523 448 3582 iam
474 3539 534 3582 non
564 3522 659 3599 potuit
685 3517 834 3600 repeller‘e
868 3541 884 3581 a
913 3519 1021 3580 linibus
1050 3519 1245 3581 barbarorum

122 3706 428 3720 Ἣ

188 3844 232 3910 34)
254 3845 349 3910 Spart.
367 3843 453 3893 Hadr.
474 3845 514 3893 12.

187 3929 232 3992 35)
253 3927 347 3992 Capit.
367 3927 431 3978 Ant.
451 3927 516 3977 Pius
537 3929 560 3976 1.

186 4014 232 4078 36)
252 4013 326 4078 App.
345 4013 431 4078 epigr.
449 4027 475 4064 n.
494 4015 519 4062 3.

186 4096 257 4162 eea)
278 4097 339 4148 Nisi
357 4098 428 4148 forte
449 4095 593 4160 exceperis
611 4095 749 4146 Arcanum
768 4095 846 4146 illum
864 4093 1004 4146 MartialIs
1023 4095 1154 4156 amicum,
1175 4107 1245 4157 quem

117 4183 294 4244 pulcherrima
310 4181 398 4232 redire
411 4179 500 4230 Narbo
518 4205 552 4215 —
569 4181 605 4229 ad
616 4182 684 4244 lepor
700 4180 768 4230 iubet
785 4195 932 4244 annuosque
947 4180 1035 4242 fasces
1048 4177 1143 4242 (Mart.
1158 4178 1244 4242 epigr.

121 4265 195 4316 VIII.
216 4264 273 4328 72),
295 4267 396 4331 quique
415 4269 495 4331 pater
513 4267 682 4330 potestesse
701 4265 790 4314 nostri
808 4265 841 4316 J..
859 4265 961 4314 Aernitii
977 4263 1010 4311 L.
1021 4264 1048 4326 s.
1065 4263 1133 4326 Pap.
1146 4261 1247 4311 Arcani

120 4348 195 4416 (app.
217 4351 309 4416 epigr.
322 4366 354 4401 .n.
374 4349 436 4414 17),
460 4349 510 4413 qui
531 4348 634 4422 dicitur
653 4347 778 4398 adlectus
801 4348 829 4396 in
848 4347 1048 4412 amplissimum
1066 4346 1188 4397 ordinem
1210 4346 1244 4396 ab

120 4434 293 4502 imperatore
311 4435 434 4486 Caesare
452 4432 606 4483 Hadriano.

1000 4517 1042 4586 8.
