3148 5160
313 449 373 512 176
703 447 785 503 Ptns
807 447 836 504 ll.
879 445 985 501 ctrvr
1008 445 1038 500 ll.

311 613 610 682 manumittebantur,
641 629 693 672 eos
722 619 838 672 constat
868 611 938 672 olim
966 611 1086 688 quidem
1109 610 1221 671 liberae
1244 609 1428 689 reipublicae

312 715 496 794 temporibus
520 714 656 775 tribubus
679 720 793 774 tantum
816 714 940 774 urbanis
963 731 1029 773 esse
1052 713 1228 792 adscriptos.
1274 715 1311 772 At
1332 713 1426 791 impe-

215 872 218 876 ,
310 823 443 878 ratorum
468 822 563 876 aetate
584 823 742 895 postquam
764 814 881 893 publica
905 815 1029 874 civitatis
1051 817 1115 876 iura
1139 819 1339 883 evanuerunt,
1368 832 1428 873 nnn

310 920 369 978 iam
390 918 525 978 interfuit
546 917 625 978 illam
648 916 744 995 legem
767 917 897 976 retinere
920 916 1047 993 ideoque
1070 917 1287 994 praescriptum
1312 922 1372 984 est,
1397 923 1430 975 nt

310 1019 361 1079 lilii
384 1018 559 1080 libertorum
582 1017 763 1080 domicilium
779 1019 962 1094 originemve
983 1025 1181 1094 sequerentur
1196 1015 1295 1078 liberti
1309 1018 1429 1096 paterni

310 1113 479 1200 et'patroni
501 1118 777 1198 manumissorisit),
803 1119 881 1180 unde
905 1119 1119 1204 ellectumlest,
1143 1127 1174 1179 nt
1196 1121 1222 1179 si
1244 1121 1311 1196 quis
1326 1126 1428 1198 patro·

309 1241 380 1282 num
402 1221 526 1282 haberet
548 1222 672 1283 duarum
695 1223 844 1283 civitatum
866 1223 1062 1299 municipem,
1086 1239 1141 1301 per
1163 1221 1427 1284 manumissionem

310 1323 471 1383 earundem
500 1325 650 1384 civitatum
679 1329 758 1383 esset
785 1319 998 1401 municepsV),
1033 1325 1082 1399 qui
1116 1330 1215 1384 autem
1243 1343 1258 1382 a
1288 1321 1428 1401 pluribus

309 1426 508 1486 manumissus
531 1433 623 1494 esset,
648 1426 779 1484 omnium
802 1431 994 1502 patronorum
1017 1426 1165 1501 originem
1187 1431 1377 1504 sequeretur.
1388 1421 1425 1500 60)

310 1526 498 1597 Quinetiam
525 1529 549 1586 si
577 1527 644 1606 quis
672 1526 936 1587 manumittebatur
963 1545 978 1586 a
1007 1534 1145 1586 senatore
1175 1533 1242 1588 orto
1270 1544 1307 1586 ex
1330 1527 1427 1586 muni-

309 1629 402 1706 cipio,
427 1647 465 1688 ne
487 1629 513 1688 is
536 1628 654 1706 quidem
678 1626 758 1706 plebi
780 1627 911 1688 urbanae
934 1627 1173 1696 adscribebatur,
1204 1625 1256 1688 sed
1279 1629 1428 1706 originem

309 1737 412 1790 nactus
435 1732 532 1790 estin
554 1747 590 1789 eo
612 1731 788 1809 municipio,
813 1749 887 1809 quae
910 1731 1004 1808 patria
1027 1731 1124 1790 luerat
1146 1731 1379 1790 manumissoris.
1389 1725 1426 1806 61)

394 1832 525 1903 Quarum
552 1831 649 1908 legum
679 1830 813 1911 exempla
847 1833 872 1891 si
907 1833 939 1891 in
968 1832 1210 1910 inscriptionibus
1243 1832 1426 1907 quaerimus,

308 1935 440 1994 omnium
463 1935 593 2012 primum
616 1933 651 1994 ad
674 1932 786 1993 tribum
814 1939 932 2012 oportet
959 1934 1089 1994 animum
1118 1933 1321 2002 advertamus,
1351 1949 1426 2009 quo·

308 2036 385 2096 niam
408 2035 505 2097 tribus
528 2037 644 2114 insigne
667 2040 731 2095 erat
753 2051 813 2095 non
836 2032 931 2094 solum
962 2035 1087 2094 civitatis
1110 2033 1260 2096 Romanae
1289 2035 1342 2096 sed
1366 2037 1426 2095 nri·

306 2139 384 2214 ginis
407 2154 525 2214 quoque
549 2139 609 2197 sive
631 2138 753 2216 patriae.
764 2131 798 2216 62)
843 2137 880 2196 Et
901 2137 991 2215 primi
1013 2135 1133 2215 quidem
1155 2138 1274 2214 generis
1290 2136 1426 2214 exempla

265 2253 269 2261 ·
306 2238 366 2298 dno
389 2239 475 2298 nobis
498 2245 617 2317 praesto
641 2244 718 2307 sunt,
743 2238 795 2298 sed
818 2244 959 2299 neutrum
980 2239 1030 2306 itu,
1054 2245 1086 2297 ut
1108 2240 1152 2298 rei
1175 2239 1320 2299 rationem
1335 2237 1426 2316 plene

306 2341 480 2418 perspicias.
503 2338 662 2420 Habemus
679 2337 753 2419 (app.
772 2358 799 2400 n.
818 2337 890 2417 520)
908 2340 938 2400 C.
957 2341 1125 2400 Carantium
1141 2340 1170 2400 C.
1188 2341 1208 2399 l.
1225 2336 1352 2401 Voltinia
1368 2341 1424 2398 Ve-

308 2440 472 2501 recundum
489 2441 608 2509 Vienna,
625 2449 797 2501 veteranum
813 2440 973 2502 deductum
988 2440 1025 2502 ab
1040 2441 1111 2502 Divo
1123 2443 1303 2521 Vespasiano
1317 2440 1424 2509 lieate3

307 2559 364 2620 qua
387 2541 563 2602 deductione
587 2549 695 2602 mutata
720 2549 765 2603 est
787 2543 885 2620 origo,
910 2549 998 2619 atque
1022 2550 1054 2603 ut
1075 2549 1198 2622 apparet
1220 2562 1256 2604 ex
1275 2542 1425 2604 Orelliana

307 2661 334 2702 n.
354 2647 445 2712 3685,
462 2643 606 2704 deductus
621 2642 750 2704 adscribi
772 2643 875 2705 debuit
890 2644 981 2705 tribui
996 2645 1146 2716 Quirinae,
1170 2663 1246 2725 quae
1269 2653 1334 2707 erat
1348 2645 1424 2705 Rea-

306 2746 447 2813 tensinm;
472 2747 571 2806 omisit
590 2746 679 2823 igitur
694 2745 851 2807 Carantius
867 2765 971 2808 novam
987 2746 1118 2808 indicare
1134 2747 1252 2808 tribum.
1291 2746 1425 2807 Alterum

307 2845 482 2924 exemplum
499 2855 544 2907 est
565 2847 599 2907 T.
624 2846 690 2906 lulii
711 2848 808 2917 Festi,
837 2851 889 2925 qui
911 2857 1067 2928 postquam
1088 2849 1119 2908 in
1140 2849 1258 2926 legione
1281 2848 1346 2909 XVl
1367 2851 1424 2908 mi·

305 2945 397 3007 litavit
418 2966 511 3008 annos
534 2948 624 3017 XXV,
654 2949 763 3010 missus
786 2968 802 3008 a
824 2950 868 3009 Ti.
894 2949 1019 3010 Caesare
1048 2949 1173 3011 honesta
1200 2951 1342 3010 missione
1369 2950 1423 3009 de·

303 3049 413 3110 ductus
442 3057 486 3110 est
514 3050 710 3118 Nemausum
749 3057 779 3110 at
805 3049 854 3111 bic
883 3050 992 3112 tribum
1022 3051 1133 3112 indicat
1161 3052 1282 3112 omnino
1311 3051 1424 3112 nullam

306 3151 382 3230 (app.
406 3171 436 3211 n.
463 3148 543 3227 109).
581 3150 753 3212 Allectionis
776 3151 882 3214 deinde
905 3153 1040 3232 exempla
1062 3152 1146 3232 plura
1163 3153 1319 3215 videantur
1334 3172 1424 3232 posse

305 3251 420 3320 afferri,
433 3239 558 3311 'scilicet
581 3271 694 3322 eorum,
718 3253 769 3329 qui
791 3252 973 3332 alienigenae
996 3254 1125 3315 honores
1147 3256 1178 3314 in
1201 3254 1301 3332 aliquo
1323 3256 1422 3316 muni·

305 3352 381 3429 cipio
404 3359 527 3428 gerunt;
559 3361 588 3414 at
617 3353 653 3414 de
679 3353 725 3414 his
748 3354 854 3416 melius
876 3375 946 3416 mox
968 3355 1116 3422 dicemus;
1147 3357 1295 3418 diversam
1323 3363 1423 3418 autem

305 3471 371 3512 esse
394 3451 470 3513 lianc
492 3453 678 3516 allectionem
705 3457 741 3516 ab
771 3456 925 3518 allectione
954 3459 1142 3536 imperatoris
1170 3457 1317 3518 beneflcio
1345 3458 1424 3518 lacta

304 3555 362 3614 iarn
384 3555 452 3614 inde
476 3555 572 3626 vides,
596 3556 674 3634 quod
696 3557 806 3618 tribum
829 3558 860 3619 hi
882 3578 942 3620 non
957 3566 1083 3628 mutant,
1107 3561 1145 3619 ita
1161 3567 1194 3619 ut
1208 3559 1371 3620 allectionis
1389 3579 1423 3620 ea

317 3784 320 3788 ¹
371 3791 414 3856 58)
433 3793 466 3842 L.
480 3797 512 3844 22
530 3809 571 3859 pr.
591 3794 626 3843 ad
638 3794 739 3846 munic.
758 3821 789 3830 -
807 3795 895 3846 Filios
913 3796 1073 3847 libertorum
1091 3797 1215 3860 nomino,
1235 3796 1308 3861 quod
1321 3797 1356 3846 ad
1375 3814 1423 3848 eos

303 3875 375 3926 solos
393 3893 507 3928 munera
526 3894 543 3928 a
562 3879 677 3928 civitate
695 3879 847 3944 pendentia
865 3882 1056 3945 pertinebant,
1082 3881 1116 3930 ad
1139 3877 1214 3946 ipsos
1238 3881 1357 3931 libertos
1376 3898 1424 3946 ge-

302 3961 407 4012 neralis
426 3967 532 4013 tantum
551 3963 666 4028 originis
685 3968 713 4013 et
731 3964 862 4015 domicilii
880 3967 961 4020 ratio.

272 4073 274 4077 v
370 4046 415 4110 50)
433 4048 466 4100 L.
484 4048 516 4097 at
535 4063 574 4112 pr.
594 4046 629 4096 ad
647 4064 719 4098 mun.

370 4130 413 4197 60)
433 4132 466 4181 L.
486 4134 500 4182 'l
520 4131 555 4180 nd
573 4148 644 4181 mun.

370 4215 412 4279 61)
431 4216 464 4265 L.
483 4219 517 4267 23
534 4216 569 4265 ud
588 4232 660 4266 mun.

370 4299 413 4361 62)
434 4299 500 4350 Cum
518 4301 696 4376 hisnostrae
719 4304 878 4367 provinciae
904 4305 1035 4370 exemplis
1058 4306 1185 4354 conferes
1208 4321 1281 4368 quae
1306 4307 1426 4373 collegit

305 4381 468 4441 Grotetend,
486 4385 581 4448 imper.
600 4386 676 4438 Rom.
695 4388 820 4436 tributim
839 4389 926 4436 deser.
945 4405 971 4452 p.
992 4392 1101 4442 11—24.
