3154 5162
278 481 318 544 ro
635 441 749 534 ¹rans
772 479 787 534 r.
835 477 941 534 carvr
964 477 993 532 u.
1068 499 1079 510 -

278 665 344 707 sare
366 653 435 726 post
456 644 566 707 bellum
590 648 621 706 in
648 646 800 725 provincia
827 645 970 705 institutis
996 643 1155 724 quidquam
1182 646 1213 704 in
1242 663 1275 705 ea
1304 644 1396 706 buius

278 747 347 810 libri
374 755 459 830 parte
493 749 690 818 inveniamus,
725 764 814 827 quam
842 747 906 826 ipse
936 747 1043 808 Caesar
1078 748 1264 826 conscripsit.
1317 747 1397 819 Ouid

277 849 370 931 quod,
403 866 581 928 quamquam
609 849 678 930 plus
705 847 826 928 semel⁸)
856 848 893 910 de
923 850 1051 910 evocatis
1082 867 1098 908 a
1126 867 1158 909 sc
1181 865 1217 909 ex
1239 846 1394 928 provincia

278 951 422 1014 militibus
444 952 552 1013 Caesar
574 951 660 1021 dicit,
690 969 837 1028 nusquam
867 957 963 1012 tamen
992 951 1173 1018 mentionem
1196 952 1267 1012 lacit
1288 969 1395 1012 eorum

278 1053 421 1123 militum,
452 1070 527 1131 quos
555 1072 591 1114 ex
614 1053 817 1134 Transalpinis
843 1053 863 1114 i.
888 1071 913 1113 e.
943 1051 1173 1132 provincialibus
1196 1052 1286 1114 Callis
1312 1051 1393 1112 dele·

272 1165 356 1227 ctos,
384 1156 518 1217 Romano
545 1162 644 1218 autem
672 1173 755 1216 more
784 1161 914 1216 armatos
942 1156 1162 1234 instructosque
1189 1156 1220 1215 in
1240 1156 1395 1234 propriam

279 1258 442 1337 legionem,
473 1259 521 1319 cui
542 1258 671 1319 Alaudae
696 1275 804 1318 nomen
826 1259 984 1336 imposuit,
1013 1259 1203 1335 congregavit
1225 1263 1255 1318 et
1277 1259 1395 1318 civitate

166 1353 167 1358 ’
214 1375 216 1380 ·
280 1358 437 1438 donaviti)
483 1360 545 1432 Qua
568 1360 605 1420 de
627 1378 677 1430 re,
706 1377 783 1440 quae
812 1376 873 1420 non
901 1357 997 1419 solum
1024 1359 1061 1420 ad
1083 1357 1195 1420 bellum
1218 1360 1394 1438 gerendum,

280 1462 332 1523 sed
355 1461 391 1524 ad
415 1459 509 1522 civilia
532 1478 651 1539 quoque
672 1462 842 1542 provinciae
864 1462 996 1522 instituta
1020 1463 1127 1522 summi
1157 1471 1220 1523 crat
1241 1463 1395 1530 momenti,

280 1566 306 1624 si
328 1565 436 1625 Caesar
457 1581 582 1643 prorsus
604 1565 703 1632 tacuit,
727 1562 795 1624 ideo
818 1561 875 1624 hoc
896 1564 1006 1624 iactum
1031 1581 1097 1624 esse
1120 1565 1291 1643 suspiceris,
1313 1563 1397 1640 quod

280 1665 481 1744 optimatibus,
506 1681 634 1742 quorum
648 1665 800 1726 invidiosis
815 1663 1052 1727 accusationibus
1074 1668 1301 1728 commentarios
1323 1684 1398 1725 suos

281 1767 389 1828 Caesar
417 1767 571 1846 opposuit,
599 1765 673 1828 baec
700 1768 889 1846 potissimum
922 1785 972 1828 res
1004 1768 1204 1846 gratissimam
1237 1766 1398 1829 accusandi

280 1870 434 1930 materiam
456 1868 652 1948 praebuisset.
699 1869 808 1931 Contra
830 1886 895 1938 nos,
920 1869 945 1929 si
960 1868 997 1930 de
1012 1870 1146 1931 Caesaris
1161 1869 1292 1931 consiliis
1313 1876 1398 1930 recte

279 1971 410 2032 iudicare
433 1969 578 2040 volumus,
602 1971 639 2031 ad
661 1970 718 2042 boc
740 1972 927 2050 potissimum
943 1972 1110 2032 institutum
1125 1973 1256 2033 animum
1278 1979 1400 2051 oportet

281 2073 482 2135 advertamus:
508 2075 623 2134 etiamsi
646 2075 726 2135 enim
749 2075 896 2135 civitatum
913 2071 1092 2135 Gallicarum
1115 2074 1318 2134 condicionem
1335 2081 1397 2132 sta·

280 2182 405 2253 tumque
426 2177 506 2237 inter
528 2174 625 2236 media
649 2173 724 2235 bella
747 2175 857 2236 Caesar
881 2192 941 2234 non
964 2178 1095 2245 mutavit,
1120 2184 1219 2238 tamen
1240 2175 1291 2235 illo
1306 2174 1399 2235 modo

281 2276 379 2338 Gallos
409 2284 438 2336 et
467 2276 524 2338 sibi
558 2275 721 2355 adiungens
755 2283 784 2338 et
810 2276 961 2337 Romanae
992 2276 1163 2356 disciplinae
1197 2277 1400 2338 assuefaciens

280 2376 459 2438 validissime
481 2378 677 2456 praeparabat
698 2377 735 2438 ad
757 2395 865 2439 novum
886 2397 989 2440 rerum
1005 2378 1150 2447 ordinem,
1174 2395 1261 2456 quem
1283 2381 1315 2438 in
1331 2380 1398 2438 uni·

281 2497 366 2539 versa
388 2480 541 2557 provincia
564 2488 628 2541 erat
648 2479 883 2542 introducturus
908 2515 951 2524 -
973 2480 1016 2542 Ab
1038 2482 1134 2560 ipsius
1157 2481 1290 2541 Caesaris
1316 2499 1399 2539 com·

281 2581 435 2642 mentariis
463 2582 487 2640 si
507 2581 698 2660 procedimus
720 2581 756 2642 ad
778 2583 810 2643 A.
834 2580 922 2643 Hirtii
949 2582 985 2642 de
1012 2583 1071 2643 tine
1098 2580 1169 2642 belli
1196 2581 1299 2642 Gallici
1325 2600 1399 2660 sup·

280 2681 480 2763 piamentum,
509 2699 546 2742 ne
570 2683 611 2743 ibi
633 2684 754 2761 quidem
777 2685 905 2746 certiora
933 2684 970 2744 de
998 2682 1132 2745 civilibus
1159 2685 1329 2763 provinciae
1350 2685 1400 2742 in-

282 2785 392 2846 stitutis
412 2785 588 2846 invenimus.
635 2784 738 2847 Refert
760 2785 878 2863 quidem
901 2785 1014 2846 Hirtius
1026 2781 1076 2865 ¹⁰),
1106 2786 1261 2847 Caesarem
1285 2785 1401 2846 devicta

281 2888 436 2964 Aquitania
463 2887 518 2948 sub
545 2888 635 2949 tinem
662 2908 687 2950 a.
717 2893 755 2954 51
785 2905 939 2949 reversum
964 2889 996 2949 in
1023 2889 1204 2967 provinciam
1233 2905 1401 2966 paucorum

262 2989 397 3079 [dierum
421 2991 516 3068 spatio
545 2989 682 3052 celeriter
710 3007 813 3051 omnes
841 2996 1004 3051 conventus
1032 2990 1233 3068 percurrisse,
1263 2985 1401 3068 publicas

283 3079 500 3153 controversias
529 3110 688 3171 cognosse,
719 3091 796 3153 bene
831 3092 944 3151 meritis
972 3093 1104 3169 praemia
1133 3089 1281 3151 fidelitatis
1309 3098 1401 3166 atque

283 3192 469 3262 auxiliorum,
495 3211 570 3272 quae
585 3194 721 3274 proximo
741 3194 929 3273 potissimum
946 3209 1016 3270 erga
1032 3193 1304 3270 Vercingetorigem
1319 3189 1401 3250 bello

283 3297 508 3373 praestitissent,
532 3296 686 3364 tribuisse;
718 3312 817 3373 neque
840 3287 921 3356 vero¹
934 3294 1020 3364 dicit,
1050 3295 1101 3370 qui
1129 3294 1241 3354 luerint
1262 3292 1304 3352 illi
1326 3311 1400 3352 con·

284 3403 399 3463 ventus,
424 3413 498 3472 quae
521 3398 662 3475 praemia,
686 3398 736 3473 qui
759 3395 887 3473 denique
909 3397 1024 3475 privati,
1049 3411 1124 3472 qaaae
1140 3396 1271 3456 civitates
1293 3412 1326 3454 ca
1349 3412 1401 3454 ac·

285 3498 426 3576 ceperint.
473 3496 557 3568 Quod
580 3514 758 3575 quamquam
786 3497 855 3558 inde
876 3499 974 3577 possis
998 3496 1160 3576 explicare,
1189 3495 1268 3574 quod
1297 3512 1402 3556 rerum

283 3597 456 3659 bellicarum
481 3600 633 3678 scriptoris
654 3600 753 3660 minus
775 3601 931 3668 intererat,
964 3597 1091 3659 civilium
1119 3599 1264 3658 rationem
1288 3595 1403 3660 habere

283 3700 501 3768 institutorum,
524 3707 623 3761 tamen
645 3700 762 3762 videtur
784 3699 981 3781 probabilius,
1006 3707 1128 3760 netum
1151 3698 1269 3778 quidem
1292 3697 1402 3758 Caesa·

284 3817 348 3859 rem
383 3798 520 3861 celeriter
555 3809 718 3862 conventus
753 3807 981 3882 percurrentem
1024 3800 1184 3880 quidquam
1221 3799 1403 3868 decrevisse,

285 3901 363 3978 quod
385 3903 554 3980 provinciae
582 3903 723 3973 lormam,
748 3902 843 3983 qualis
864 3911 927 3964 tum
952 3904 1039 3964 etiam
1062 3910 1138 3970 erat,
1161 3902 1280 3979 gravius
1302 3908 1403 3962 muta·

351 4259 377 4322 8)
397 4259 476 4312 Caes,
496 4261 522 4310 b.
543 4277 568 4325 g.
588 4262 617 4325 1,
637 4261 661 4310 l.
680 4262 708 4323 3,
728 4261 768 4311 20.
788 4260 815 4318 7,
836 4260 858 4308 7.

352 4345 378 4402 9)
398 4345 473 4396 Suet.
491 4343 573 4396 Caes.
591 4346 632 4394 24.
669 4344 727 4394 Cic.
748 4343 783 4393 ad
801 4341 856 4393 Act.
877 4344 918 4405 16,
936 4343 960 4392 8.

354 4427 395 4488 10)
415 4428 494 4478 Caes.
513 4429 539 4478 b.
559 4445 585 4494 g.
604 4429 628 4487 8,
647 4431 687 4479 46.
