3154 5162
484 521 568 582 rans
590 523 609 580 t.
645 521 760 607 ,carvr
782 524 825 580 m.
1153 527 1213 588 113

102 707 180 767 quam
204 689 372 752 adiutorem
395 690 589 752 consiliorum
611 692 723 751 invenit
746 689 870 751 Marium
886 691 1044 760 Moturum,
1067 710 1212 770 procura-

17 823 19 842 =
100 799 187 853 torem
209 792 326 871 Alpium
350 791 579 860 Maritimarum,
610 794 661 872 qui
687 794 829 853 intactam
852 791 967 853 Vitellio
996 792 1082 853 fidem
1112 812 1211 856 serva·

17 959 19 974 2
100 903 148 964 rat,
170 894 373 957 Narbonensis
395 901 496 955 tamen
517 896 670 974 provincia
691 895 809 955 iamiam
826 893 988 957 Vitellianis
1011 902 1075 956 erat
1094 903 1211 976 erepta;

100 1013 159 1055 nam
180 1004 359 1077 procurator
381 995 516 1058 Valerius
538 997 680 1058 Paulinus
702 995 933 1067 Foroiuliensis‚
964 996 1102 1058 celeriter
1126 998 1211 1076 quid·

99 1098 163 1176 quid
184 1100 338 1178 copiarum
362 1100 493 1160 nancisci
520 1105 653 1178 poterat,
683 1101 848 1179 corripiens
877 1118 937 1160 non
966 1099 1060 1160 solum
1086 1102 1212 1178 patriam

100 1217 190 1271 suam,
214 1199 268 1262 sed
291 1202 481 1262 circumiecta
509 1218 629 1278 quoque
653 1201 760 1280 oppida
778 1203 813 1281 in
836 1201 1007 1281 Vespasiani
1031 1201 1121 1262 verha
1143 1201 1211 1262 ade-

98 1309 174 1378 gerat
194 1304 315 1381 iamque
337 1310 473 1383 paratus
482 1310 555 1373 erat,
579 1302 703 1364 Fabium
721 1301 758 1363 ab
774 1303 897 1363 introitu
912 1304 1082 1382 provinciae
1099 1321 1210 1364 arcere.

97 1402 210 1464 Interim
233 1422 304 1464 vero
325 1423 385 1464 non
409 1403 505 1465 solum
521 1403 720 1465 Fabianorum
743 1404 816 1465 fides
832 1412 971 1482 coeperat
986 1403 1134 1474 lahetieri,
1159 1405 1211 1464 sed

95 1507 154 1583 ipse
175 1507 303 1577 Fabius,
332 1513 489 1586 postquam
512 1509 646 1568 incertus
674 1507 791 1568 consilii
815 1509 845 1567 in
867 1525 955 1568 naves
977 1523 1133 1584 regressus
1157 1514 1210 1575 est,

96 1607 210 1670 adversa
240 1616 416 1688 tempestate
446 1609 482 1669 ad
511 1607 691 1670 Stoechadas
723 1608 835 1670 insulas
865 1608 1017 1688 appulsus,
1045 1609 1168 1668 navibus
1196 1628 1211 1668 a

17 1789 19 1798 Ι
95 1707 211 1772 Paulino
240 1712 341 1772 missis
367 1712 553 1789 interceptus
581 1708 679 1790 est²⁴l
724 1711 789 1782 Quo
818 1729 888 1771 casn
916 1713 948 1771 in
970 1709 1016 1770 his
1038 1709 1212 1788 regionibns

96 1809 198 1873 bellum
223 1818 290 1874 erat
310 1812 427 1875 linitum
450 1821 479 1873 et
501 1813 572 1874 dum
594 1815 624 1874 in
647 1812 729 1874 ltalia
756 1810 935 1882 debellatur,
965 1812 1124 1889 tranquilla
1148 1818 1212 1872 erat

96 1916 183 1975 omnis
206 1913 301 1975 Gallia
324 1915 535 1976 meridionalis.

18 2011 19 2014 '
172 2017 312 2078 Ceterum
341 2035 395 2096 per
425 2036 530 2078 omnes
557 2015 611 2077 has
639 2017 676 2076 de
705 2033 821 2076 summo
847 2017 974 2094 imperio
1003 2017 1210 2076 contentiones

17 2109 19 2182 ᾇ
95 2116 221 2180 videmus
245 2125 366 2197 praeter
381 2119 492 2180 Forum
516 2117 581 2179 lulii
604 2126 633 2179 et
655 2117 801 2195 reliquam
825 2134 907 2177 oram
931 2118 1106 2178 maritimam
1130 2115 1208 2177 solo-

94 2236 153 2278 rum
190 2221 407 2295 Viennensium
447 2239 557 2281 nomen
592 2219 746 2281 celebrari.
798 2217 938 2280 Obiciunt
973 2217 1210 2297 Lugudunenses

95 2319 307 2383 Viennensibus
330 2321 445 2382 adiutos
466 2324 526 2382 iam
549 2321 678 2382 Vindicis
701 2328 839 2390 conatus,
864 2321 1048 2400 conscriptas
1069 2322 1100 2380 in
1123 2339 1208 2399 prae-

17 2435 19 2508 }
95 2421 194 2484 sidium
217 2421 329 2486 Galbae
352 2422 495 2502 legiones,
519 2425 591 2500 quin
614 2423 715 2484 sedem
736 2423 839 2484 Gallici
861 2420 932 2484 belli
955 2440 1021 2482 eam
1044 2421 1150 2482 urbem
1166 2422 1208 2482 di·

17 2515 19 2544 ⁵
94 2530 167 2584 cunt.
213 2525 250 2586 Et
277 2525 371 2586 luisse
400 2544 504 2587 revera
533 2526 676 2586 momenti
706 2524 830 2586 alicuius
853 2524 1065 2585 Viennensium
1088 2523 1209 2586 consilia

18 2641 20 2692 3
93 2625 155 2684 inde
178 2627 330 2696 videmus,
360 2628 440 2704 quod
464 2637 493 2689 et
515 2626 593 2689 Otho
621 2629 652 2686 in
680 2626 770 2687 huius
793 2625 926 2688 coloniae
948 2625 1094 2686 honorem
1118 2644 1210 2686 unum

18 2715 20 2766 ἶ
94 2743 126 2784 ex
156 2730 227 2788 anni
260 2730 302 2794 96
336 2728 539 2790 consulatibus
572 2729 701 2790 destinat
732 2728 875 2807 Pompeio
904 2729 1031 2806 Vopisco
1061 2735 1094 2788 ut
1120 2728 1207 2788 Vien-

18 2893 19 2900 χ
92 2826 214 2908 nensi²⁵)
240 2837 271 2890 et
294 2830 437 2902 Vitellius
462 2849 530 2893 cum
552 2837 620 2910 post
642 2829 790 2908 proelium
813 2829 1011 2889 Bedriacense
1035 2829 1208 2888 exGerma-
1274 2821 1277 2828 ’

92 2930 136 2990 nia
161 2933 193 2991 in
221 2931 337 2992 ltaliam
366 2933 578 3011 proficiscitur,
609 2932 739 2993 Viennae
767 2910 961 3008 moretm-²⁶),
997 2928 1209 2990 conciliaturus

91 3028 280 3094 hauddubie
304 3035 503 3104 ViennenseS,
534 3042 566 3095 ut
589 3036 640 3111 qui
662 3032 771 3094 Galbae
795 3033 969 3092 memoriam
991 3036 1209 3109 prosequentes

19 3129 21 3212 g
92 3131 236 3196 Vitellium
259 3153 320 3195 non
343 3137 441 3197 minus
464 3136 595 3196 odissent
622 3154 712 3214 quam
735 3128 937 3211 Othonem²⁷l
981 3131 1126 3210 Vigebant
1145 3138 1208 3192 tum

20 3285 22 3292 ,
91 3249 202 3313 quoque
225 3238 258 3298 in
281 3235 337 3298 hac
362 3236 477 3298 colonia
501 3256 537 3297 ex
560 3238 631 3299 solis
659 3237 808 3315 indigenis
830 3235 955 3296 lormata
978 3233 1124 3313 quaedam
1146 3234 1207 3312 pri·

21 3369 22 3372 =
90 3352 151 3397 scae
172 3337 360 3399 fortitudinis
382 3337 510 3399 Gallicae
532 3338 692 3417 reliquiae,
723 3344 811 3414 atque
839 3339 918 3398 inter
946 3354 1049 3396 omnes
1077 3337 1209 3396 civitates

20 3521 21 3524 Ἴ
90 3435 211 3500 Gallicas
233 3438 312 3500 haec
335 3447 365 3500 et
386 3441 627 3519 frequentissima
651 3447 728 3510 erat,
759 3445 789 3499 et
816 3436 880 3499 sola
907 3439 1057 3514 integrum
1086 3437 1206 3498 territo·

20 3561 22 3602 1
89 3537 162 3599 rium
184 3560 201 3602 a
224 3540 372 3602 Rhodano
394 3559 491 3620 usque
514 3541 550 3602 ad
573 3541 677 3621 Alpes,
707 3539 912 3618 aLuguduno
942 3539 977 3599 ad
1000 3540 1111 3600 lsaram
1137 3557 1207 3599 con·

89 3649 225 3703 servarat.
274 3643 378 3723 Neque
400 3661 471 3704 vero
495 3641 594 3705 minus
616 3661 692 3721 quae
715 3641 784 3703 inde
807 3662 823 3703 a
846 3641 921 3701 lulio
938 3641 1064 3702 Caesare
1087 3659 1103 3700 a
1126 3659 1202 3700 com·

21 3725 23 3732 ’
88 3740 220 3818 pluribus
245 3745 478 3824 imperatoribus
499 3747 531 3805 in
547 3746 730 3806 Viennenses
750 3743 856 3804 collata
878 3749 947 3804 sunt
962 3733 1113 3811 beneficia,
1138 3761 1208 3803 suos

89 3843 198 3906 tructus
226 3844 369 3906 tulerant.
416 3848 551 3925 Namque
579 3848 655 3908 sicut
682 3863 706 3906 a.
732 3850 770 3911 21
802 3845 858 3905 suh
881 3844 1003 3906 Tiberio
1031 3843 1098 3904 lnlii
1127 3842 1208 3903 Flori

149 4133 193 4200 24)
212 4136 285 4188 Tac.
302 4135 368 4186 hist.
387 4137 415 4194 3,
434 4135 544 4187 41-43.

149 4219 192 4283 25)
211 4219 287 4272 Ibid.
306 4222 334 4280 1,
353 4221 395 4273 77.

149 4303 193 4367 26)
213 4303 294 4356 Suet.
305 4303 402 4357 Vitell.
421 4307 446 4356 9.

148 4391 195 4451 27)
214 4390 288 4438 Tae.
306 4388 371 4438 hist.
389 4392 415 4452 2,
429 4390 470 4443 66,
501 4389 552 4439 cfr.
572 4389 594 4447 1,
607 4389 654 4437 64:
675 4387 754 4437 Gallis
768 4386 895 4434 cunctatio
909 4389 1036 4448 exempto,
1050 4387 1074 4432 et
1087 4383 1113 4432 in
1127 4382 1205 4435 Omo-

85 4486 135 4522 nem
147 4489 178 4523 ao
195 4474 326 4524 Vitellium
338 4473 420 4523 odiam
430 4491 494 4539 par,
507 4492 543 4526 eae
560 4473 662 4524 Vitellio
674 4480 701 4522 et
711 4479 797 4521 nactos·

24 4593 25 4598 ’
131 4589 253 4644 herzog,
269 4587 353 4630 Galliae
365 4588 431 4634 uero.
444 4589 493 4631 hist.
985 4561 1004 4624 8
