3184 5162
317 393 381 518 aa¹
423 525 425 530 Ι
712 445 797 508 raas
818 447 837 506 t.
882 444 987 504 carun
1009 445 1029 504 ι.
1143 411 1148 420 ’

317 620 489 700 Hispaniam
512 619 622 680 missus
651 614 730 696 apud
752 613 962 696 Emporitanos
990 621 1111 696 portum
1138 615 1265 686 invenit,
1295 613 1348 678 ubi
1371 622 1438 678 toto

317 723 482 800 exercitum
506 726 635 800 exponat
661 727 750 799 atque
778 715 905 780 classem
933 714 1128 796 relinquatll,
1157 724 1244 798 atque
1266 716 1338 779 dum
1361 721 1438 780 mari

317 843 378 887 uon
400 825 499 884 minus
520 841 608 903 quam
631 827 751 882 terraa
779 820 856 882 ireto
878 818 1016 882 Herculis
1039 837 1134 900 usque
1159 819 1194 881 ad
1215 820 1360 900 Pyrenaei
1388 839 1437 882 ra-

318 927 400 988 dices
422 924 535 986 bellum
557 925 682 1002 geritur,
706 923 847 984 continuo
862 921 1090 984 Massiliensium
1114 939 1204 983 nares
1219 921 1438 1002 speculatoriae

318 1030 483 1091 Romanum
506 1029 716 1106 imperatorem
740 1024 777 1085 de
799 1022 930 1086 hostium
946 1022 1077 1086 motibus
1091 1025 1251 1085 certiorem
1266 1019 1436 1103 iaciunt.¹⁰l

317 1129 422 1211 Neque
444 1129 552 1191 minori
575 1127 674 1189 studio
696 1147 721 1189 a.
746 1131 823 1196 211,
852 1143 920 1187 cum
948 1124 1060 1187 beMum
1081 1125 1273 1205 Hispanicum
1301 1127 1334 1188 P.
1363 1126 1436 1188 Cor·

318 1231 413 1303 nelio,
441 1230 522 1292 illius
550 1231 601 1310 qui
628 1227 727 1310 paullo
753 1209 824 1290 ¹aute
852 1229 883 1289 in
910 1227 1051 1308 Hispania
1079 1227 1228 1290 ceciderat
1253 1228 1329 1298 fllio,
1358 1235 1439 1290 essct

318 1333 500 1403 mandatum,
523 1340 553 1392 et
575 1331 733 1411 Emporiae
756 1338 786 1390 et
800 1329 926 1392 Massilia
942 1329 1164 1392 foederatorum
1186 1330 1281 1392 officia
1296 1332 1438 1394 Romanis

318 1431 532 1516 praestant¹¹)‚
562 1451 740 1512 quamquam
768 1432 934 1513 periculum
962 1430 1042 1492 haud
1070 1434 1211 1511 exiguum
1238 1440 1316 1504 erat,
1345 1452 1383 1494 ne
1411 1435 1438 1494 si

319 1538 492 1616 contigisset
518 1537 687 1598 Poenorum
716 1533 800 1604 duci,
835 1542 868 1594 ut
895 1535 1064 1616 Pyrenaeos
1091 1535 1332 1607 transcenderet,
1361 1537 1439 1597 siout

319 1641 444 1717 contigit
470 1658 495 1700 a.
521 1641 580 1706 207
610 1635 804 1706 Hasdrubali,
839 1654 951 1716 poenas
979 1635 1130 1699 Romanae
1160 1639 1305 1699 amicitiae
1332 1638 1439 1700 darent

320 1741 434 1802 Graeci.
481 1740 518 1802 At
540 1739 647 1800 devicti
669 1737 768 1818 paullo
790 1745 859 1817 post
887 1739 917 1798 iu
940 1738 1080 1818 Hispania
1109 1744 1178 1800 sunt
1199 1740 1292 1801 Poeni
1320 1747 1350 1801 et
1373 1742 1439 1820 ipsa

319 1843 459 1921 Hispania
475 1843 532 1903 iam
548 1859 574 1902 a·
591 1844 652 1908 206
674 1842 705 1902 in
726 1841 897 1920 provinciae
919 1841 1046 1903 formam
1068 1839 1196 1909 redacta,
1219 1847 1308 1921 atque
1323 1843 1438 1903 etiamsi

319 1946 444 2005 interior
466 1951 546 2005 terra
568 1961 674 2022 parum
698 1948 800 2022 pacata
823 1949 900 2012 erat,
929 1959 1001 2004 orae
1028 1951 1127 2004 tamen
1149 1945 1314 2006 maritimae
1335 1946 1366 2005 iu
1387 1943 1438 2006 illa

319 2045 471 2128 Tyrrheni
489 2047 580 2106 maris
602 2051 687 2124 parte
709 2063 766 2124 pax
790 2051 836 2106 est
856 2043 987 2115 reddita,
1017 2050 1047 2104 et
1068 2042 1167 2107 denuo
1190 2048 1362 2108 commercii
1383 2065 1439 2126 per

319 2148 367 2210 illa
399 2166 530 2228 aequora
562 2146 716 2226 privilegio
750 2147 919 2226 gaudebant
952 2145 1160 2208 Massilienses.
1211 2148 1348 2209 Ceterum
1380 2150 1438 2208 iarn

320 2266 438 2329 quoque
461 2267 558 2329 neque
574 2247 716 2310 Romanis
731 2267 829 2329 neque
844 2249 967 2310 Graecis
990 2249 1107 2310 occasio
1129 2248 1223 2312 deluit
1244 2249 1360 2328 antiqui
1373 2251 1437 2311 ioe-

319 2352 400 2412 deris
423 2349 602 2411 observandi
625 2350 863 2430 exercendique:
888 2368 956 2412 cum
979 2352 1058 2412 enim
1081 2352 1267 2413 exercituum
1290 2351 1437 2414 Humano-

320 2469 387 2513 rum
414 2453 445 2512 in
468 2451 638 2531 Hispaniam
666 2453 723 2513 iter
750 2450 915 2513 secuudum
943 2451 1026 2514 littus
1053 2452 1198 2516 Gallicum
1225 2452 1363 2523 duceret,
1391 2453 1439 2516 bis

320 2554 441 2635 quidem
463 2554 539 2632 grati
568 2560 653 2614 erant
676 2553 855 2616 Graecarum
878 2553 1061 2617 coloniarum
1089 2563 1209 2634 portus,
1237 2564 1338 2635 gratae
1366 2574 1439 2637 opes

320 2654 548 2718 Massiliensium
571 2653 697 2726 navales,
721 2655 826 2718 Graeci
849 2664 946 2717 autem
971 2675 1038 2717 cum
1061 2675 1098 2718 ne
1120 2665 1184 2718 tum
1206 2658 1325 2738 quidem
1347 2657 1437 2738 ligu-

320 2776 370 2819 res
392 2757 503 2837 piratas
525 2759 637 2820 amari
660 2757 773 2838 pellere
794 2760 972 2838 potuissent,
996 2760 1067 2820 satis
1087 2760 1219 2820 contenti
1242 2766 1335 2830 erant,
1360 2759 1439 2838 quod
1519 2822 1522 2827 ,

320 2861 523 2922 Romanorum
552 2861 610 2920 iam
640 2878 733 2941 aeque
759 2879 793 2921 ac
815 2860 1043 2923 Massiliensium
1065 2862 1224 2931 intererat,
1254 2879 1307 2922 eos
1327 2863 1439 2942 piratas

322 2965 504 3041 extinguere.
551 2960 653 3042 ltaque
676 2981 743 3025 oum
766 2982 791 3024 a.
811 2969 870 3030 195
893 2962 930 3024 M.
947 2962 1072 3024 Porcius
1094 2963 1165 3024 Cato
1188 2963 1224 3024 ad
1247 2962 1440 3026 debellandos

319 3065 425 3127 Iberos
446 3066 477 3125 in
499 3063 671 3144 Hispaniam
700 3065 853 3143 proiectus
881 3065 981 3144 copias
1009 3064 1157 3143 Emporiis
1180 3072 1358 3145 exponeret,
1388 3083 1438 3126 co·

319 3168 408 3228 miter
430 3175 519 3245 atque
541 3165 669 3243 benigne
691 3173 833 3246 acceptus
856 3183 922 3228 esse
951 3166 1060 3227 dicitur
1081 3167 1119 3228 ab
1141 3165 1229 3228 buius
1252 3165 1335 3228 urbis
1356 3167 1439 3228 inco·

319 3264 416 3345 lis¹²),
448 3285 545 3346 neque
574 3269 672 3328 minus
700 3269 750 3346 qui
778 3266 826 3328 alii
853 3270 884 3328 in
912 3268 1083 3347 Hispaniam
1110 3269 1269 3330 mittuntur
1297 3285 1440 3350 proprae-

320 3377 415 3437 tores,
445 3368 496 3455 ¹ubi
524 3376 640 3430 montes
663 3368 833 3446 Ligustinos
862 3378 891 3430 et
919 3388 1001 3431 oram
1028 3369 1169 3431 Gallicam
1198 3370 1440 3450 praetervehunt,

319 3470 387 3550 plus
409 3468 501 3530 semel
525 3476 627 3531 contra
650 3469 789 3532 adversos
811 3490 898 3534 casus
918 3469 1143 3535 Massiliensium
1166 3471 1294 3551 bospitio
1315 3478 1442 3535 utuntur

387 3723 621 3789 anmmm

389 3807 431 3874 10)
450 3809 511 3858 Liv.
531 3810 578 3872 22,
599 3812 638 3860 19.
674 3809 769 3875 Polyb.
788 3814 817 3874 3,
836 3813 881 3862 95:
901 3805 1104 3876 προαπέστειλε
1122 3804 1152 3876 (d
1166 3803 1282 3873 Γνάιος)
1302 3824 1438 3863 neruosa·

320 3888 449 3958 ψομέννς
467 3886 520 3945 δύο
538 3892 609 3954 ναῦς
631 3887 845 3962 ταχνπλεοῦσας
864 3883 1114 3956 Μασὰαλιωτιιινὶς·
1140 3893 1191 3950 uel
1213 3887 1267 3962 γὰρ
1289 3895 1442 3963 spurcoq-

321 3979 424 4046 γοῦννο
441 3975 490 4032 καὶ
510 3971 760 4043 προενυνδννενον
782 3967 861 4034 οὗτοι
884 3979 933 4034 eol
956 3980 1052 4033 πᾶσαν
1075 3972 1224 4046 ἀποτόμως
1242 3978 1324 4046 σφίσι
1341 3980 1441 4046 παρεί-

320 4079 405 4131 χοννο
427 4057 480 4131 τὴν
499 4062 611 4132 χρείαν·
637 4053 758 4130 reparcis
776 4057 844 4131 γάρ,
869 4061 897 4117 εἰ
919 4064 972 4116 καί
992 4081 1068 4126 τινες
1087 4061 1191 4131 ἕτερον,
1212 4057 1442 4132 νιειιοινωνήννσι

317 4139 465 4217 Ῥωμαίοις
482 4143 657 4216 πραγμάτων
675 4145 724 4201 aul
742 4148 958 4215 Mauretaniam,
976 4143 1113 4209 πολλάκις
1124 4145 1177 4216 μὲν
1188 4149 1237 4204 uel
1255 4141 1327 4216 petel
1339 4149 1441 4215 ταῦτα,

319 4226 443 4300 μάλιστα
461 4228 494 4286 dl
512 4226 586 4286 curel
607 4229 655 4286 τὸν
668 4223 845 4300 Ἀννιβιακὸν
862 4226 995 4299 πόλεμον

390 4316 433 4385 11)
452 4320 512 4370 Liv.
532 4321 578 4384 26,
599 4322 639 4372 19.

389 4400 623 4468 mumma
