3148 5160
510 471 593 530 Plus
616 472 645 530 ll.
691 471 797 528 capvt
819 473 849 528 ll.
1018 537 1020 542 ,
1173 475 1232 538 181

126 657 185 700 cum
207 639 282 716 ¹quod
304 641 422 708 attinet,
454 641 556 717 utique
584 640 692 700 melius
718 638 856 702 Atacinus
884 642 1231 726 indigenasintellegas,

125 740 298 802 becumanos
320 741 458 810 colonos;
489 758 587 819 neque
615 761 684 802 vero
713 741 807 804 ullum
836 745 1036 805 demonstrari
1065 751 1164 822 potest
1184 747 1230 806 in·

125 844 258 914 stitutum,
281 843 362 905 unde
384 843 531 904 eiusmodi
554 845 715 906 discrimen
739 852 870 906 eruatur.

198 947 321 1006 Atrum
346 965 436 1026 supra
460 946 629 1016 viderimus,
653 965 741 1026 posse
765 954 795 1007 et
817 946 937 1009 allectos
959 949 990 1007 in
1012 948 1137 1010 alienam
1162 949 1231 1008 civi-

124 1051 203 1106 tatem
224 1045 254 1107 et
275 1047 352 1108 lilios
374 1048 527 1127 adoptivos
550 1057 580 1109 et
602 1051 800 1110 manumissos
821 1049 953 1129 plurium
977 1051 1128 1111 civitatum
1151 1052 1230 1112 cives

124 1166 196 1217 esse,
225 1149 374 1229 quomodo
403 1149 460 1210 boo
483 1152 621 1210 convenit
650 1169 717 1211 cum
740 1151 792 1211 illo
813 1153 888 1212 iuris
911 1151 1036 1212 Romani
1057 1158 1228 1230 praecepto,

122 1250 193 1325 quod
224 1254 266 1312 sio
304 1254 438 1312 enuntiat
471 1250 633 1329 Cicero⁷⁵lz
670 1254 817 1313 ‘duorum
846 1257 997 1314 civitatum
1029 1257 1100 1314 eicis
1132 1258 1230 1312 noster

121 1369 175 1413 esre
196 1357 260 1414 iure
283 1355 365 1414 civili
385 1370 470 1415 nemo
489 1351 625 1429 petest'?
667 1338 780 1415 Deinde
804 1357 829 1415 si
852 1357 919 1433 quis
942 1357 1013 1415 civis
1037 1362 1100 1416 erat
1121 1353 1227 1416 Roma·

122 1471 172 1514 nus
192 1454 355 1532 eodemque
380 1461 514 1534 tempore
536 1457 692 1535 municipii
714 1455 839 1518 alicuius
865 1458 927 1517 sive
950 1458 1057 1518 civium
1079 1455 1227 1517 Romano-

120 1572 179 1615 rum
201 1559 260 1617 sive
283 1556 457 1618 Latinorum
480 1559 650 1637 municepS,
682 1576 782 1620 nonne
809 1559 835 1618 is
864 1575 983 1638 quoque
1010 1559 1137 1619 duarum
1159 1559 1228 1617 eivi-

24 1663 25 1666 ’
120 1661 202 1717 tatum
224 1659 297 1719 civis
325 1661 405 1720 erat?
450 1659 583 1736 Namque
617 1661 668 1736 qui
697 1661 768 1720 civis
796 1659 947 1721 Romanus
976 1668 1052 1730 erat,
1083 1661 1228 1737 originem

23 1779 24 1784 ¹
119 1757 268 1836 putabatur
296 1759 409 1820 habere
437 1759 563 1830 Romae,
593 1760 727 1840 urbsque
754 1760 849 1822 Roma
876 1764 1008 1822 omnium
1037 1764 1089 1840 qui
1116 1761 1228 1838 ubique

119 1868 207 1930 eraut,
236 1863 344 1923 civium
367 1862 571 1923 Romanorum
594 1864 760 1924 communis
783 1871 847 1923 erat
868 1865 979 1941 patria,
1009 1865 1087 1922 sicut
1112 1865 1163 1942 qui
1185 1861 1226 1921 la·

118 1961 252 2024 tinitatem
276 1961 414 2032 babebat,
438 1961 527 2024 homo
551 1983 587 2024 ex
603 1963 686 2023 Latio
702 1963 848 2023 oriundus
870 1962 1035 2040 fingebatur
1058 1982 1124 2023 esse
1146 1963 1227 2022 ideo·

117 2078 168 2138 que
188 2065 335 2125 nominari
358 2070 457 2142 potest
480 2067 550 2126 civis
574 2084 609 2125 ex
632 2064 723 2125 Latio.
736 2061 771 2142 ⁷⁶)
816 2065 877 2124 Hac
903 2067 933 2124 in
955 2083 989 2124 re
1011 2067 1226 2143 imperatorum

116 2170 203 2225 aetate
225 2166 313 2227 aliam
336 2168 412 2226 iuris
435 2165 561 2228 Romani
582 2167 676 2227 luisse
704 2167 850 2226 rationem
878 2185 967 2244 quam
990 2171 1085 2227 aetate
1109 2166 1225 2226 Cicero-

116 2266 169 2334 nis,
197 2285 263 2328 cum
288 2269 361 2348 ipsis
383 2268 483 2328 verbis
505 2268 542 2328 de
565 2268 692 2329 duarum
721 2255 872 2329 civitatum
895 2268 1008 2328 civibus
1031 2267 1131 2327 dicant
1151 2268 1226 2328 iuris

115 2374 241 2430 auctores
248 2365 275 2406 ⁷⁶
282 2366 318 2448 ⁶),
341 2389 401 2430 non
416 2375 516 2450 potest
530 2372 650 2447 negari;
674 2376 764 2447 atque
779 2371 883 2432 stricto
898 2371 964 2430 iure
978 2371 1001 2429 ii
1016 2384 1151 2448 quoqne,
1176 2370 1227 2444 qui

116 2485 145 2528 ex
166 2473 335 2550 municipiis
358 2473 437 2533 cives
459 2472 585 2532 Romani
608 2479 692 2531 erant
722 2473 806 2540 iacti,
836 2473 974 2549 inprimis
997 2489 1031 2530 ex
1056 2471 1226 2549 municipiis

114 2570 212 2632 civium
240 2573 431 2642 Latinorum,
463 2573 589 2635 duarum
617 2574 767 2634 civitatum
797 2575 876 2634 cives
905 2580 1003 2642 erant;
1033 2592 1101 2634 narn
1123 2571 1226 2634 Latina

21 2711 22 2718 ,
114 2676 264 2754 municipia
287 2675 511 2737 foederatorum
539 2675 605 2758 loco
629 2675 848 2752 quodammodo
871 2676 965 2736 luisse
987 2674 1129 2742 vidimus,
1159 2692 1224 2732 mu·

112 2774 212 2854 nicipia
239 2782 341 2837 autem
369 2779 475 2838 civium
498 2776 701 2836 Romanorum
730 2785 759 2837 et
786 2778 851 2854 ipsa
880 2776 1007 2854 quadam
1034 2777 1148 2836 ratione
1178 2792 1225 2832 se·

112 2884 236 2952 paratam
260 2877 412 2939 habebant
440 2897 455 2938 a
475 2879 631 2940 communi
658 2876 812 2956 republica
833 2875 966 2936 Romana
994 2894 1078 2938 suam
1101 2891 1222 2952 rempu-

111 2975 218 3041 blicam.
265 2982 303 3041 at
330 2979 404 3042 haec
432 2979 542 3059 duplex
570 2981 671 3040 civitas
698 2978 785 3038 laoile
815 2977 994 3056 explicatur:
1024 2975 1136 3044 scilicet
1157 2993 1224 3034 mu-

111 3084 165 3139 tato
186 3083 307 3162 imperil
322 3082 447 3142 Romani
470 3081 525 3142 sub
548 3080 779 3160 imperatoribus
801 3079 906 3139 ordine
929 3078 1098 3138 necessario
1113 3076 1223 3137 lactum

111 3189 164 3250 est,
191 3190 225 3244 ut
248 3184 410 3263 municipia
437 3190 467 3243 et
495 3184 601 3244 civium
625 3183 826 3242 Rornanorum
855 3187 885 3240 et
906 3179 1080 3240 Latinorum
1109 3178 1223 3239 etiamsi

21 3353 22 3360 ἶ
110 3298 186 3343 suam
214 3283 365 3346 habebant
390 3284 620 3363 rempublicam,
650 3285 682 3344 iu
711 3281 886 3362 quibusdam
915 3289 1014 3342 tamen
1041 3279 1134 3341 rebus
1162 3299 1222 3340 non

109 3384 160 3443 nisi
181 3404 235 3464 pro
259 3384 395 3465 partibus
416 3394 516 3446 esseut
534 3386 700 3445 communis
717 3382 907 3463 reipublicae.
945 3382 1053 3444 Natum
1069 3385 1162 3461 igitur
1178 3390 1225 3444 est

21 3491 24 3504 '
109 3484 179 3546 idem
202 3488 268 3548 lere
292 3486 453 3548 discrimen
481 3489 555 3547 iuris
582 3488 707 3547 civitatis
735 3493 824 3562 atque
854 3492 933 3545 extat
963 3485 1040 3564 apud
1068 3503 1123 3546 nos
1144 3487 1223 3545 inter

109 3587 248 3665 originem
279 3590 441 3667 municipio
471 3588 557 3649 alicui
585 3587 754 3649 adstrictam
790 3593 819 3646 et
851 3586 991 3664 generale
1018 3586 1143 3647 civitatis
1175 3588 1223 3646 ius

109 3688 279 3752 adstrictum
295 3691 450 3751 universae
465 3689 663 3769 reipublicae,
687 3690 744 3750 nisi
760 3688 839 3766 quod
860 3688 933 3750 haec
957 3690 1057 3749 civitas
1077 3687 1223 3766 generalis

108 3791 180 3867 apud
201 3811 259 3853 nos
283 3809 341 3852 uua
363 3791 527 3868 eademque
550 3791 688 3852 omnibus
711 3797 770 3859 est,
799 3790 876 3870 apud
904 3791 1054 3851 Romanos
1076 3797 1148 3850 erat
1170 3791 1221 3849 tri-

21 3875 22 3880 *
106 3894 224 3968 partita,
262 3894 365 3954 civitas
397 3892 545 3964 Romana,
580 3894 723 3963 latinitaS,
766 3894 974 3971 peregrinitas.
1025 3892 1064 3952 lis
1096 3898 1219 3959 tantum,

108 3995 153 4070 qui
174 3994 211 4054 ad
235 4013 386 4055 summum
409 3995 527 4073 imperii
550 3995 686 4056 ordinem
708 3992 975 4073 promovebantur,
1000 3994 1123 4069 originis
1144 3993 1220 4051 ratio

107 4103 280 4174 consumpta
304 4103 348 4155 est
370 4113 405 4154 eo
429 4101 515 4166 statu,
540 4113 629 4174 quern
651 4098 682 4156 in
705 4094 780 4155 urbe
804 4084 864 4155 sive
887 4097 916 4154 in
933 4097 1072 4155 universo
1094 4094 1220 4172 imperio

170 4240 214 4316 75)
234 4248 294 4299 Cic.
312 4263 361 4312 pro
378 4248 468 4299 Balbo
487 4250 532 4311 11,
551 4251 592 4302 28.

168 4333 212 4400 76)
233 4331 292 4386 cfr.
311 4331 545 4399 Sellusi.1ug.c.
564 4336 605 4387 69.

170 4417 237 4482 ida)
257 4415 315 4468 cfr.
332 4432 416 4503 supra
434 4435 460 4483 p.
479 4421 527 4470 176
545 4434 572 4468 n.
592 4420 633 4472 59.
