3154 5162
314 443 391 521 '102
722 453 804 510 mas
827 453 845 510 v.
890 451 995 508 clrvv
1017 453 1046 508 u.

331 624 383 683 ciis
404 623 578 701 imperium,
602 621 638 681 ad
661 621 794 682 instituta
816 620 948 681 Romana
972 619 1065 680 solide
1093 619 1284 699 propaganda
1312 637 1368 698 pro
1392 637 1448 679 sua

329 723 406 785 virili
433 731 518 804 parte
546 722 683 793 contulit,
717 722 783 782 data
814 723 900 782 variis
930 721 1192 782 administrationis
1224 721 1358 800 partibus
1391 739 1448 800 per

330 843 449 887 omnem
472 827 559 886 vitam
583 824 700 886 assidua
723 841 828 903 opera,
852 840 945 901 eaque
968 825 1082 884 ratione
1099 839 1175 900 quae
1192 840 1228 883 er
1244 822 1448 884 dominatione

330 928 463 988 Romana
484 926 602 1006 populis
625 926 765 988 subiectis
788 925 929 986 obvenire
950 931 1089 1005 poterant
1111 925 1268 994 beneficia,
1292 931 1325 984 ut
1346 925 1448 986 minus

331 1028 484 1108 splendide
505 1029 545 1088 ita
569 1047 629 1089 non
653 1029 752 1088 miuus
770 1027 928 1088 efficaciter
950 1045 1005 1106 per
1026 1026 1130 1087 orbem
1145 1027 1310 1088 Romanum
1325 1027 1445 1105 sparsit.

331 1132 469 1192 Interea
498 1135 595 1192 autem
623 1131 773 1197 instituta,
804 1144 879 1205 quae
912 1127 981 1189 huic
1010 1131 1077 1189 usui
1104 1127 1317 1196 inserviebant,
1347 1129 1448 1207 primo

332 1232 400 1292 loco
423 1231 601 1293 nominanda
624 1239 670 1294 est
691 1231 876 1312 publicarum
899 1247 954 1309 per
976 1231 1158 1309 provinciam
1186 1232 1300 1291 viarum
1326 1230 1447 1290 institu-

331 1336 389 1403 tio,
413 1332 520 1394 deinde
543 1351 651 1394 census
674 1341 703 1394 et
725 1332 906 1394 tributorum
928 1337 1008 1392 certa
1024 1331 1142 1409 regula,
1165 1339 1198 1392 ut
1213 1349 1272 1392 non
1287 1331 1360 1392 levis
1375 1349 1446 1410 pre·

330 1435 503 1496 vincialibus
525 1437 564 1496 ita
587 1436 685 1495 minus
706 1434 829 1495 molesta
858 1451 947 1513 quam
969 1433 1048 1511 quod
1071 1439 1139 1494 ante
1160 1433 1259 1494 luerat
1280 1451 1448 1512 proconsu-

332 1537 392 1597 lum
416 1537 544 1597 liberum
567 1535 738 1604 arbitrium,
760 1533 834 1595 illud
855 1535 983 1612 denique
998 1535 1194 1614 praesidium,
1219 1534 1298 1611 quod
1315 1537 1450 1612 quamvis

332 1640 505 1699 restrictum
527 1638 677 1698 tamenin
701 1639 858 1698 senatoriis
887 1653 1005 1715 quoque
1033 1638 1193 1716 provinciis
1222 1644 1326 1698 contra
1354 1638 1448 1714 magi·

333 1745 480 1800 stratuum
502 1738 691 1819 publicorum
714 1739 837 1799 iniurias
852 1741 982 1818 positum
998 1745 1061 1800 erat
1078 1739 1108 1799 in
1125 1739 1314 1818 imperatoris
1330 1755 1450 1799 summo

331 1842 467 1921 imperio.

417 1943 551 2020 Denique
585 1949 618 2002 ut
651 1961 686 2002 ex
720 1944 801 2002 omui
828 1949 912 2022 parte
939 1941 1126 2004 absolvamus
1153 1941 1228 2002 hanc
1257 1942 1294 2002 de
1322 1942 1450 2003 Caesare

332 2046 475 2106 dictatore
496 2051 533 2104 'et
559 2046 691 2122 Augusto
722 2047 941 2122 quaestionem,
971 2045 1094 2105 necesse
1123 2051 1169 2104 est
1194 2045 1326 2121 regressi
1354 2044 1390 2104 ad
1419 2044 1450 2103 id

332 2155 465 2225 tempus,
495 2164 555 2223 quo
577 2145 669 2207 lulius
691 2147 800 2208 Caesar
828 2146 864 2206 ad
895 2144 1006 2206 bellum
1033 2146 1246 2225 Pompeianum
1274 2147 1306 2205 in
1334 2145 1450 2206 ltaliam

333 2249 524 2329 proiecturus
548 2265 564 2305 e
587 2249 739 2326 provincia
762 2247 904 2316 decessit,
928 2247 1092 2318 videamus,
1118 2264 1177 2324 quo
1200 2245 1288 2308 modo
1311 2247 1348 2307 ab
1371 2263 1450 2308 anno

333 2369 358 2410 a.
384 2347 435 2409 Ch.
461 2354 619 2426 illusque
646 2348 682 2410 ad
705 2368 729 2409 a.
755 2369 780 2410 3.
806 2348 856 2410 Ch.
882 2353 923 2414 22
946 2348 1039 2409 Gallia
1061 2348 1263 2410 Narbonensis
1291 2350 1329 2409 sit
1357 2355 1448 2409 recta.

334 2449 468 2511 Vidimus
490 2467 585 2529 usque
609 2448 644 2510 ad
673 2451 743 2510 anni
765 2457 806 2518 49
834 2452 951 2512 initium
974 2451 1129 2512 Gaesarem
1157 2451 1326 2530 provinciae
1354 2451 1450 2530 impe-

334 2552 412 2612 rium
434 2550 564 2628 legitime
587 2548 740 2621 habuisse,
771 2552 877 2612 deinde
905 2571 991 2621 vero,
1019 2551 1109 2628 idque
1135 2554 1194 2612 iam
1222 2557 1290 2612 ante
1312 2552 1382 2613 Idus
1405 2552 1450 2612 13-

334 2653 467 2721 nuarias,
491 2653 601 2712 laetum
626 2670 693 2713 esse
715 2660 835 2713 senatus
858 2653 1041 2723 consultum,
1073 2661 1105 2714 ut
1126 2653 1159 2715 L.
1184 2654 1312 2714 Domitio
1334 2653 1450 2714 Narbo·

334 2755 435 2814 nensis
459 2755 603 2824 eveniret,
628 2753 756 2815 Domitio
778 2761 877 2816 autem
906 2763 1044 2816 conatum
1074 2757 1138 2816 eius
1166 2754 1345 2816 obtinendae
1373 2755 1452 2815 male

333 2857 522 2918 successisse.
567 2855 727 2935 Imperavit
747 2857 838 2934 igitur
853 2858 890 2916 in
912 2858 1073 2935 provinciis
1089 2857 1207 2918 Gallicis
1229 2873 1324 2934 usque
1346 2855 1383 2916 ad
1399 2856 1451 2916 de·

335 2959 476 3020 ditionem
499 2957 645 3019 Massiliae
666 2958 731 3035 ipse
754 2957 862 3019 Caesar
885 2960 945 3018 sive
975 2977 1010 3019 ex
1040 2957 1105 3038 lege
1134 2961 1194 3019 sire
1223 2977 1258 3019 ex
1285 2955 1357 3020 belli
1384 2961 1452 3019 iure

334 3061 395 3121 sive
417 3077 560 3137 praesens
582 3061 643 3119 sive
666 3056 782 3118 absens
814 3059 875 3120 lam
897 3077 967 3121 vero
990 3072 1146 3139 postquam
1167 3062 1247 3121 iuter
1261 3063 1356 3138 ipsam
1372 3060 1450 3144 Mus·

335 3160 417 3222 siliae
440 3160 620 3221 deditionem
643 3161 703 3219 sive
726 3176 829 3220 mense
846 3160 950 3220 Sextili
972 3180 997 3222 a.
1015 3167 1056 3228 49
1071 3161 1183 3222 Romae
1205 3162 1330 3222 dictator
1353 3160 1453 3222 dictus

336 3269 393 3332 est,
423 3261 492 3331 luit,
523 3260 601 3338 quod
630 3262 799 3339 provincias
825 3261 1013 3341 Pompeianis
1047 3263 1136 3323 modo
1170 3270 1287 3343 ereptas
1319 3263 1453 3341 propriis

337 3362 507 3424 rectoribus
531 3362 683 3423 divideret.
730 3363 833 3439 ltaque
855 3365 988 3443 Appiano
1011 3372 1087 3426 teste
1100 3362 1136 3444 ⁷⁶)
1159 3365 1318 3443 Hispaniae
1333 3365 1452 3444 praele-

335 3465 376 3524 cit
401 3463 559 3542 Lepidum,
598 3463 718 3525 Siciliae
750 3466 782 3525 Α.
812 3462 966 3534 Albinum,
1001 3465 1155 3527 Sardiniae
1187 3466 1217 3526 S.
1251 3465 1452 3532 Peducaeum,

336 3565 462 3636 Galliae,
487 3574 520 3627 ut
541 3565 613 3626 dicit
634 3567 799 3646 Appiauus,
824 3585 930 3627 recens
959 3573 1060 3646 captae
1084 3566 1117 3627 [l.
1141 3568 1276 3628 Brutum.
1321 3567 1355 3626 ln
1384 3567 1452 3643 qui·

336 3666 392 3726 bus
415 3669 530 3728 etiamsi
552 3686 612 3728 uon
631 3671 802 3728 nominatur
819 3667 1031 3737 Narbonensis,
1056 3676 1155 3729 tamen
1178 3671 1250 3747 quin
1265 3670 1455 3729 contineatur

336 3775 387 3828 aut
413 3770 445 3828 in
472 3768 610 3848 Hispania
641 3775 691 3829 aut
717 3771 748 3829 in
777 3768 869 3830 Gallia
892 3788 953 3841 non
982 3768 1105 3831 dubium
1133 3777 1185 3831 est.
1231 3770 1268 3832 Et
1296 3769 1403 3850 Zumpt
1413 3766 1453 3848 76)

337 3868 457 3946 quidem
490 3869 662 3948 Hispaniam
690 3872 840 3950 praefert,
876 3872 1015 3948 quoniam
1046 3877 1150 3950 postea
1183 3891 1207 3932 a.
1243 3877 1284 3937 44
1318 3871 1455 3931 citeriori

336 3969 496 4050 Hispaniae
518 3972 648 4032 iunctam
672 3990 737 4032 esse
752 3971 978 4033 Narbonensem
1001 3978 1116 4034 certum
1139 3975 1192 4043 sit;
1217 3979 1247 4034 at
1266 3969 1456 4052 probabilius

336 4071 409 4132 mihi
431 4071 547 4133 videtur
569 4073 700 4134 iunctam
723 4091 789 4134 eam
813 4091 879 4134 esse
894 4071 1028 4151 reliquae
1043 4071 1154 4135 Galliae
1178 4080 1208 4134 et
1229 4072 1267 4135 ob
1289 4072 1320 4133 id
1342 4074 1456 4153 ipsum,

377 4273 382 4286 ’
405 4307 448 4372 ve)
467 4307 539 4374 epp.
559 4308 623 4362 aen.
641 4311 695 4362 civ.
713 4311 742 4373 e,
762 4311 804 4360 ro.

405 4389 449 4454 76)
467 4390 500 4444 Α.
517 4393 563 4444 W.
580 4393 691 4458 Zumpt,
712 4391 788 4442 stud,
807 4393 884 4444 Rom.
902 4409 928 4458 p.
947 4394 989 4443 91.
