3124 5168
604 489 712 548 nunno
734 490 886 548 marrus.
919 456 921 460 ’
1283 494 1302 554 9

185 663 279 738 posita
296 665 323 719 in
341 661 401 719 villa
419 661 547 736 quadam,
566 664 646 736 quam
662 663 686 718 is
701 660 824 737 possidet
839 679 927 737 prope
941 661 1106 726 Narbonem;
1127 661 1164 718 ibi
1182 662 1214 719 ad
1231 663 1304 719 hunc

185 765 274 824 usque
289 749 359 806 diem
375 755 456 806 extat.

494 880 521 941 1.
552 881 719 959 Inscriptio
739 881 837 959 partis
859 881 992 943 anticas.

197 1033 205 1038 -
272 1001 339 1061 Ser.
356 1000 456 1070 Fadio,
480 1001 615 1076 Papirio,
636 996 640 1082 Ι
661 1000 799 1061 Secundo
815 1001 924 1074 Musae,
945 995 950 1082 Ι
970 995 1106 1061 omuibds
1121 999 1281 1062 bonoribus
1298 1001 1301 1080 Ι

185 1105 216 1163 iu
240 1101 355 1163 colonia
377 1098 573 1186 Nurdolneust
590 1103 707 1178 functe,
726 1097 732 1184 Ι
749 1105 868 1176 stamini
884 1099 889 1186 Ι
907 1099 1099 1180 provtiuciae)
1115 1102 1300 1182 Narb(oneu·

139 1241 142 1246 -
187 1202 248 1282 sis),
270 1201 275 1286 Ι
295 1203 371 1264 labri
393 1200 590 1286 subaediuur'l
610 1204 820 1265 Narbonenses
839 1199 845 1288 Ι
862 1212 987 1283 patrono
1003 1203 1041 1265 ob
1056 1206 1162 1265 merita
1180 1199 1186 1288 Ι
1207 1208 1278 1268 eius.
1297 1203 1300 1289 Ι

185 1303 304 1388 L(ocus)
328 1303 435 1386 d(atus)
460 1303 677 1387 decurionum)
702 1303 855 1388 d(ecreto).

270 1411 373 1468 Artaud
389 1411 416 1466 in
431 1410 508 1466 lldm.
523 1411 570 1467 des
586 1413 677 1484 Antiq.
694 1411 727 1466 de
742 1411 767 1468 la
781 1411 826 1469 ur.
844 1420 862 1467 t.
878 1416 909 1474 7,
925 1430 951 1486 p.
967 1415 1018 1465 244
1033 1429 1089 1484 sq.‚
1104 1412 1177 1469 unde
1192 1412 1303 1469 llomm·
1406 1443 1411 1451 ·

185 1514 234 1553 sen
256 1498 284 1552 in
303 1495 414 1552 Bullett.
436 1490 498 1552 dell'
521 1497 610 1553 lustit.
632 1495 752 1553 archeol.
775 1500 849 1552 1853.
870 1515 897 1571 p.
910 1501 953 1553 27.
976 1496 1129 1552 0r.·Henz.
1147 1501 1223 1553 7215.
1250 1497 1303 1555 Nu·
1416 1545 1423 1556 „

186 1582 297 1638 tandum
313 1588 372 1644 cst,
393 1581 465 1654 quod
481 1581 582 1637 Artuud
599 1581 665 1637 dicit
680 1581 801 1656 quidem,
818 1581 940 1655 apicibus
957 1583 1091 1655 insignem
1107 1599 1167 1639 esse
1182 1584 1254 1640 hunc
1269 1583 1303 1639 ti-

186 1667 282 1728 tulum,
298 1682 387 1740 neque
402 1673 491 1722 tamen
506 1667 583 1740 ipsos
598 1669 688 1740 apices
704 1667 758 1723 dat.
783 1698 819 1710 —-
842 1671 867 1720 4.
882 1683 982 1724 unnsn
998 1667 1060 1722 Art.
1091 1673 1115 1722 7.
1131 1684 1207 1726 uovr
1221 1685 1303 1726 usne

114 1755 118 1758 ’
185 1755 246 1808 Art.
277 1755 301 1806 8.
324 1767 478 1809 svnusnm
494 1753 572 1815 Art:
595 1753 783 1810 evanuerant
800 1751 922 1808 llomms.
944 1751 1078 1828 supplevit
1100 1768 1132 1808 ex
1147 1751 1199 1810 col.
1215 1754 1244 1810 ll.
1261 1759 1301 1810 28.

183 1839 209 1894 9.
224 1835 393 1894 Narbonensi
409 1835 471 1892 Art.

473 1967 515 2030 11.
553 1968 719 2048 Inscriptio
740 1969 839 2048 partis
860 1969 1011 2031 lateralis.

269 2087 446 2167 Exemplum
470 2089 612 2168 epistulae
632 2083 637 2171 Ι
657 2089 729 2148 Seu⁸¹
743 2088 824 2157 Fadi,
848 2084 995 2166 Paptiria),
1021 2087 1153 2149 Secundi
1171 2090 1271 2150 Musae
1296 2085 1299 2171 Ι

182 2192 214 2251 iu
231 2181 424 2254 ¹verbainira
449 2191 558 2251 scribta
581 2192 657 2267 (sie):
684 2187 689 2274 Ι
714 2189 743 2250 S.
768 2188 898 2269 Ftadius)
922 2189 1078 2250 Secundus
1106 2189 1229 2268 collegio
1259 2191 1301 2251 l·
1403 2218 1406 2223 ·

182 2293 273 2353 brum
289 2285 507 2354 Narboncsium
525 2293 590 2369 (sic)
616 2291 753 2353 salutem..
774 2288 779 2374 Ι
798 2291 938 2353 Plurimis
955 2298 985 2351 et
1007 2291 1141 2352 adsiduis
1160 2310 1230 2371 erga
1254 2312 1302 2354 me

183 2394 302 2455 meritis
323 2395 431 2454 vestris
452 2393 572 2469 referre
594 2396 718 2472 gratiam
738 2390 743 2476 Ι
762 2412 888 2473 aequam
910 2393 1028 2454 ditticile
1051 2401 1104 2454 est.
1149 2394 1214 2466 Quo
1236 2415 1301 2455 mu·
1320 2401 1336 2450 5

182 2515 240 2558 nus
263 2498 386 2571 corpori
406 2503 504 2557 vestro
532 2497 734 2574 gratissimum
757 2498 847 2558 sciam
872 2491 878 2578 Ι
904 2496 993 2557 modo
1015 2495 1194 2574 largitionis,
1222 2497 1302 2556 inter

182 2597 295 2658 liberos
325 2604 354 2657 et
382 2597 578 2659 clarissimum
607 2605 747 2676 nepotem
774 2597 940 2659 iucundum
972 2595 977 2680 Ι
1008 2599 1145 2658 sestertia
1172 2598 1301 2660 sedecim

183 2698 276 2762 millia
299 2685 455 2760 nummum
478 2701 511 2776 V.
536 2699 571 2760 ll.
595 2701 684 2760 Maias
712 2701 824 2779 primas
847 2700 895 2759 die
917 2698 1006 2760 natali
1029 2717 1095 2760 meo
1121 2695 1126 2781 Ι
1150 2700 1301 2778 impensae

182 2809 299 2862 vestrae
334 2783 460 2862 inieram
489 2801 624 2881 dictaque
655 2801 701 2861 die
730 2820 838 2862 usuras
865 2803 956 2861 totius
985 2800 1056 2860 anul
1084 2807 1268 2879 computatas
1297 2799 1300 2882 Ι

184 2909 292 2970 octono
314 2901 544 2981 pernumerabo.
592 2904 656 2974 Quo
678 2901 725 2961 vel
747 2904 860 2979 gratius
883 2904 919 2962 sit
935 2900 1142 2963 munusculum
1159 2920 1268 2972 meum,
1294 2899 1298 2985 Ι
1320 2911 1351 2960 10

183 3024 198 3065 a
221 3007 331 3084 pietate
353 3011 452 3065 vestra
472 3011 558 3084 peto,
587 3012 619 3064 ut
647 3021 752 3065 usuras
781 3002 869 3064 buius
892 3021 1024 3064 summae
1048 3020 1081 3062 ea
1105 3001 1152 3062 die
1176 2998 1180 3084 Ι
1206 3001 1298 3063 hone·

156 3107 313 3167 ‘stissimo
340 3105 442 3168 habitu
471 3107 550 3166 iuter
578 3112 753 3183 praesentes
787 3112 817 3165 et
846 3103 999 3184 epulantes
1027 3105 1057 3162 iu
1085 3111 1264 3183 perpetuum
1295 3100 1299 3187 Ι

183 3195 333 3276 dilidatis;
365 3225 462 3288 neque
491 3226 524 3268 ea
551 3225 665 3269 summa
692 3209 723 3268 iu
751 3208 840 3268 alium
868 3224 955 3267 usum
977 3211 1188 3278 convertetur3
1215 3203 1220 3288 Ι
1246 3205 1301 3266 hae

184 3309 309 3389 epistula
332 3317 451 3370 cavetur
473 3354 608 3370 .......
635 3305 642 3392 Ι
667 3321 817 3374 snconnl
834 3352 993 3370 ........
1010 3321 1102 3369 rore
1124 3307 1170 3368 vel
1193 3309 1300 3369 omissa

182 3409 303 3493 fueriti
329 3457 445 3472 ......
451 3413 456 3423 “
462 3457 554 3472 .....
579 3425 685 3471 lunen
803 3423 896 3472 Nursl
922 3412 954 3470 in
981 3410 1110 3489 petenda
1138 3411 1266 3490 pequnia
1295 3405 1351 3492 Ι15

183 3559 277 3574 .....
294 3525 386 3572 ΜΤ
409 3512 444 3574 ad
464 3513 580 3586 fiscum
601 3515 722 3574 maximi
743 3514 894 3592 principis.
921 3509 925 3592 Ι

275 3616 459 3674 Voluntatem
481 3633 593 3684 meam,
617 3616 642 3674 si
664 3615 752 3674 modo
773 3614 983 3694 probaveritis,
1009 3620 1038 3674 et
1060 3621 1187 3675 vestram
1206 3609 1211 3696 Ι
1238 3617 1301 3674 tus·
1336 3619 1344 3637 ¹

181 3717 297 3776 sionem
326 3716 370 3775 utl
398 3733 499 3776 aereae
525 3715 641 3777 tabulae
669 3714 842 3794 inscalptam
871 3722 939 3776 aute
961 3715 1063 3776 aedem
1089 3711 1095 3798 Ι
1189 3734 1298 3794 propo·

179 3819 259 3879 natis
284 3819 365 3886 etin
388 3817 452 3877 basi
473 3824 597 3887 statuae,
621 3837 709 3896 quam
731 3816 803 3877 milri
823 3819 974 3897 posuistis
995 3814 1000 3898 Ι
1019 3835 1084 3878 eom
1107 3800 1299 3896 proscribatis
1318 3827 1351 3874 20
1409 3835 1424 3870 l

178 3920 343 4000 impendiis
364 3922 436 3979 mets
459 3937 543 3994 ropo,
570 3916 575 4002 Ι
600 3936 657 3996 quo
683 3920 793 3980 certior
816 3920 934 3980 futurae
957 3917 1172 3980 observationis
1195 3919 1225 3977 in
1248 3917 1298 3978 de·

179 4019 295 4081 slderio
317 4037 385 4080 meo
407 4020 544 4099 probatio
567 4021 613 4081 sit.
639 4018 644 4103 Ι
1129 4019 1132 4023 ’

265 4123 354 4182 Manu
382 4121 470 4182 Fadic'
496 4121 625 4183 Secundi
647 4123 834 4183 subnotatum
857 4127 934 4183 erat:
961 4117 968 4205 Ι
991 4118 1080 4201 Meta)
1107 4141 1123 4182 e
1150 4120 1297 4181 mandato.
1371 4107 1378 4113 ’

179 4222 298 4288 Scrlbsi
324 4221 458 4284 kalendis
488 4222 667 4285 Octobribus
698 4224 791 4285 Orlito
821 4231 851 4284 et
880 4219 885 4306 Ι
915 4226 1019 4285 Prisco
1044 4241 1103 4283 cos.
1135 4221 1299 4301 Epistulam

175 4343 235 4405 pro
258 4325 393 4404 perlecto
416 4326 613 4386 instrumento
636 4327 812 4389 retinebitis,
833 4321 838 4408 Ι
857 4327 964 4386 l'olere
987 4343 1039 4386 vos
1060 4326 1161 4404 cupio,
1186 4324 1299 4385 domini
1316 4335 1349 4383 25

177 4427 285 4507 optimi
308 4432 338 4485 et
360 4427 508 4486 carissimi
530 4426 611 4488 mibi.
633 4423 637 4512 Ι
1069 4440 1072 4446 ·
1286 4409 1290 4428 ⁴
