3184 5162
572 462 657 522 runs
678 463 698 520 r.
742 461 850 520 olava
869 463 888 519 1.
1243 466 1284 534 51

160 629 312 708 quidquid
327 629 453 693 Romani
469 629 607 699 nominis,
625 628 769 706 quidquid
785 628 1005 691 loederatarum
1021 629 1181 700 civitatum,
1199 630 1283 710 qnid-

162 732 235 810 quid
248 733 372 794 omnino
382 733 555 817 amicorum
567 729 671 811 populi
681 731 807 792 Romani
821 730 872 798 1113
889 737 983 795 aetate
997 732 1028 794 iu
1046 733 1196 810 provincia
1212 738 1283 802 erat,

161 841 338 904 enumerat,
368 832 541 899 ullomodo
568 834 702 896 nominat
726 834 827 916 Aquas
855 833 980 898 Sentias.
1026 833 1112 905 Quod
1134 833 1286 903 Plutarchi

162 937 344 1016 praesertim
370 942 399 999 et
419 936 574 998 Ciceronis
596 933 746 1000 silentium
768 933 854 1002 laoile
878 933 1059 1015 explicatur,
1082 935 1109 997 si
1131 933 1285 998 castellum

158 1038 253 1100 modo
264 1027 327 1098 sire'
339 1037 523 1118 praesidium
535 1038 641 1100 civium
652 1037 856 1100 Romanorum
868 1038 902 1098 in
918 1054 952 1098 ea
967 1038 1089 1116 regione
1105 1044 1178 1108 erat,
1192 1039 1221 1098 si
1235 1055 1285 1098 res

161 1139 285 1220 publica
305 1139 412 1202 Latin-o
433 1141 500 1202 iure
522 1141 691 1208 conslituta,
715 1138 798 1201 nullo
813 1139 901 1204 modo
913 1138 1108 1218 intellegitur.
1145 1138 1189 1203 lo
1205 1138 1285 1216 quod

162 1261 235 1304 cum
257 1241 386 1312 accedat,
410 1241 489 1318 quod
511 1243 626 1306 nummi
647 1259 708 1306 non
732 1247 833 1304 extant
853 1242 946 1318 Aquis
962 1241 1071 1304 Samiis
1093 1242 1209 1320 signati,
1233 1240 1286 1302 uhi
1317 1262 1320 1268 ·

161 1345 230 1406 sine
252 1343 342 1406 dnbio
365 1345 473 1422 signati
495 1349 605 1414 essent,
630 1344 655 1405 si
676 1343 779 1416 Latina
794 1344 896 1406 civitas
919 1343 1086 1413 caluisset,
1109 1341 1183 1408 nihil
1205 1341 1285 1404 aliud

162 1463 255 1523 quam
277 1444 432 1510 castellum
456 1447 516 1508 sive
540 1445 720 1526 praesidium
744 1444 871 1506 militum
886 1443 1089 1513 Romanorum
1104 1445 1195 1522 Aquis
1210 1444 1283 1506 Sex·

162 1550 213 1610 riis
237 1567 302 1610 esse
325 1549 519 1612 constitutum
540 1567 596 1610 nos
619 1563 737 1624 quoque
760 1542 977 1625 statuimusffl),
1007 1553 1097 1626 alque
1123 1545 1203 1626 quod
1225 1547 1283 1607 To·

160 1650 246 1711 losae
269 1667 388 1728 quoque
409 1655 590 1729 perpetuum
612 1647 739 1712 militum
762 1649 963 1716 aomanorum
984 1649 1168 1728 praesidium
1191 1649 1284 1713 luisse

159 1747 386 1832 invenimos³³)·,
416 1750 473 1813 hoc
496 1770 531 1811 oo
553 1757 669 1815 tautum
692 1749 847 1812 dilierelaat
876 1750 911 1812 ab
933 1753 1026 1828 Aquis
1048 1750 1174 1820 Sextiis,
1204 1749 1283 1830 quod

161 1855 358 1916 constitutum
391 1859 456 1914 erat
482 1855 513 1914 in
540 1852 639 1914 medio
666 1851 863 1914 barbarorum
899 1853 1022 1932 oppido,
1055 1853 1157 1930 Aquae
1184 1860 1284 1914 aulem

160 1955 232 2018 loco
254 1955 398 2017 destructi
420 1954 522 2034 oppidi
544 1953 646 2016 Gallici
670 1961 703 2015 ut
724 1972 816 2015 novae
839 1972 964 2032 prorsus
986 1953 1071 2016 urhis
1091 1955 1218 2017 initium.

251 2057 313 2118 lam
327 2077 397 2120 vero
413 2057 532 2119 condita
547 2054 672 2124 colonia,
689 2055 841 2134 dispositis
856 2055 1020 2134 praesidiis,
1047 2055 1178 2134 seposito
1192 2073 1281 2134 quam

160 2178 220 2239 pro
241 2157 362 2239 publico
384 2158 495 2220 hahere
518 2158 676 2220 voluerunt
696 2173 783 2234 agro,
815 2155 936 2217 desmilo
963 2157 1052 2218 unius
1075 2157 1219 2233 cuiusque
1240 2157 1282 2218 ci·

160 2262 261 2321 vitatis
284 2262 450 2330 territorio,
481 2262 640 2322 constituta
662 2260 752 2337 igitur
775 2265 898 2320 externa
919 2258 1089 2337 provinciae
1110 2257 1222 2327 forma,
1253 2265 1284 2319 ut

160 2382 289 2444 prorsus
316 2362 484 2424 ahsolutum
513 2368 601 2424 esset,
620 2360 801 2422 ordinandae
829 2360 998 2440 prouinciae
1027 2343 1118 2438 opus,
1152 2366 1282 2420 statuen-

160 2465 234 2540 dum
257 2467 345 2529 etiam
368 2472 446 2534 erat,
479 2481 554 2541 quae
583 2465 726 2540 cuiusque
749 2464 874 2524 civitatis
903 2479 972 2539 erga
994 2461 1153 2540 imperium
1175 2462 1282 2524 Roma·

159 2585 235 2628 num
258 2573 357 2628 essent
381 2566 486 2635 officia,
511 2565 591 2643 quod
612 2564 757 2646 praesidis
772 2565 803 2627 iu
818 2561 950 2642 singulas
966 2565 1098 2626 civitates
1113 2566 1282 2644 imperium,

159 2668 271 2750 quihus
294 2669 440 2746 cuiusque
461 2666 645 2746 reipublicae
674 2667 753 2726 cives
781 2667 861 2727 inter
887 2684 921 2726 se
952 2664 1069 2743 legibus
1099 2667 1232 2736 viverent
1255 2673 1284 2726 et

159 2777 329 2839 uterentur,
354 2787 430 2847 quae
453 2769 581 2849 denique
604 2769 761 2836 universae
780 2768 953 2848 provinciae
975 2767 1100 2828 interior
1122 2753 1282 2833 constitue·

159 2880 245 2935 retur
274 2874 370 2934 lorma
399 2873 461 2933 sive
488 2871 545 2933 lex.
592 2871 773 2934 Invenerunt
807 2876 905 2931 aulem
934 2869 1076 2937 Romani,
1106 2887 1174 2928 rum
1201 2877 1283 2930 trans

159 2974 250 3055 Alpes
274 2973 473 3043 considerent,
496 2991 607 3051 genera
629 2991 732 3062 rapum
754 2970 942 3052 publicarum
964 2969 1031 3038 duo,
1059 2971 1191 3030 civitates
1215 2969 1282 3031 Gal·

159 3076 232 3138 licas
265 3084 294 3137 el
327 3074 436 3156 oppida
464 3076 593 3144 Graeca,
627 3092 703 3152 quae
736 3073 813 3134 duce
840 3071 968 3134 Massilia
1000 3089 1056 3152 per
1088 3089 1170 3142 oram
1198 3077 1284 3132 erant

160 3178 325 3258 dispersae.
371 3179 453 3251 Quae
476 3177 564 3240 ambo
584 3195 696 3256 genera
720 3194 788 3238 oum
810 3182 896 3244 aulea
918 3192 973 3254 pro
996 3173 1125 3238 dominis
1148 3173 1212 3232 eius
1233 3191 1281 3233 re-

158 3281 258 3358 gionis
280 3281 417 3350 luissent,
444 3299 524 3342 nunc
546 3281 680 3340 instituta
702 3278 902 3339 dominatione
921 3277 1054 3338 Romana
1083 3273 1184 3335 locum
1206 3273 1281 3343 obu-

161 3389 295 3447 nuerunt
321 3383 568 3461 peregrinorum,
597 3384 628 3442 in
656 3380 795 3445 omuibus
821 3377 946 3455 reliquis
973 3385 1072 3439 autem
1100 3375 1194 3466 rebus
1220 3382 1283 3439 tolo

161 3483 246 3546 coelo
267 3485 347 3545 inter
362 3501 403 3548 ,se
425 3481 609 3544 differebant.
641 3483 744 3552 'Nam,
774 3489 807 3542 ut
828 3481 865 3541 de
888 3479 979 3543 Gallis
1000 3479 1190 3558 incipiamus,
1219 3479 1280 3558 pri-

160 3605 245 3648 mum
276 3592 310 3647 ut
343 3591 450 3646 natura
482 3583 611 3653 serebat,
644 3583 782 3647 omnibus
808 3580 976 3644 civitatibus
1009 3579 1130 3642 libertas
1164 3580 1205 3641 113
1239 3586 1284 3640 est

159 3689 309 3768 adempta,
334 3694 367 3748 ut
390 3685 542 3748 clientelas
564 3703 662 3764 neque
678 3687 762 3753 ,intra
783 3701 881 3762 neque
905 3689 987 3744 extra
1009 3683 1192 3765 provinciam
1215 3699 1283 3742 oum
1362 3756 1366 3764 ¹

162 3790 227 3852 aliis
251 3787 417 3852 civitatibus
439 3790 516 3850 inire
537 3790 596 3849 iam
617 3787 740 3857 liceret,
770 3786 849 3864 quod
878 3805 913 3846 ao
936 3784 1051 3846 facilius
1073 3790 1190 3864 poterat
1212 3801 1281 3863 pro·

161 3891 270 3962 hiberi,
295 3892 445 3970 quoniam,
469 3908 537 3951 cum
553 3893 753 3952 Arvernorum
772 3888 850 3949 bello
868 3887 956 3950 huius
978 3889 1076 3965 gentis
1097 3887 1128 3947 in
1142 3884 1281 3946 meridio-

161 3992 244 4056 nales
267 3991 367 4054 Gallos
389 3999 522 4072 poteslas
544 3994 637 4054 fracta
661 3997 750 4059 esset,
773 3989 868 4051 Aedui
890 3995 990 4049 autem
1011 3988 1213 4049 Romanorum
1235 4003 1281 4045 es·

230 4246 275 4312 32)
295 4246 396 4298 Strabo
414 4247 462 4297 IV.
481 4262 508 4311 p.
528 4247 585 4296 180.
615 4211 687 4296 Vell.
708 4233 786 4306 1,1a'.
810 4241 884 4292 Plut.
903 4241 973 4290 Mar.
992 4241 1033 4291 18.
1062 4236 1175 4304 Madvig
1187 4252 1282 4302 opusc.

164 4331 244 4384 acad.
263 4348 291 4397 p.
309 4333 369 4382 290.
398 4331 563 4390 Mommsen,
581 4330 677 4382 Roem.
697 4327 797 4380 Gesch.
816 4329 841 4392 2,
861 4327 918 4376 163.

231 4416 274 4484 33)
293 4417 348 4467 Dio
367 4415 447 4482 frgm.
466 4417 499 4466 90
517 4414 603 4468 Book.
631 4415 682 4465 cir,
701 4413 775 4462 infra
793 4415 849 4463 not.
867 4411 910 4463 36.

1033 4493 1079 4560 4*
