3148 5160
521 467 605 524 PARS
626 469 656 524 ll.
701 469 807 526 CAPVT
830 470 859 525 H.
1187 475 1247 536 185

127 653 187 714 que
211 637 326 696 etiarnsi
348 635 476 698 familiae
499 639 665 697 senatoriae
680 636 729 697 hic
744 653 862 716 quoque
878 637 1031 698 latifundia
1045 638 1246 717 possidebant,

128 746 230 799 tamen
258 758 273 798 a
296 737 370 799 lulio
393 738 533 808 Caesare,
562 741 736 818 priusquam
766 738 906 801 exhausta
935 746 1014 800 esset
1041 739 1247 818 indigenarum

126 841 312 918 frequentia,
346 842 457 920 optime
491 847 535 901 est
562 844 728 920 provisum,
759 851 792 904 ut
821 842 972 904 Gallorum
1000 841 1159 903 multitudo
1192 861 1247 921 per

126 959 250 1004 omnem
278 944 461 1022 provinciam
491 961 584 1019 aeque
613 943 770 1005 distributa
805 944 842 1004 ad
874 943 1085 1021 agriculturam
1119 950 1248 1005 verteret

125 1046 247 1123 hocque
269 1045 357 1105 modo
380 1047 475 1106 maior
496 1047 665 1124 provinciae
693 1065 764 1125 pars
790 1045 1015 1126 possessoribus
1043 1045 1158 1106 mediae
1185 1047 1246 1107 lor-

126 1155 220 1209 tunae
247 1154 426 1208 servaretur.
478 1147 562 1209 Unde
590 1148 699 1209 lactum
729 1154 788 1218 est,
820 1155 852 1208 ut
879 1146 1020 1208 Straboni
1046 1146 1248 1208 Narbonensis

125 1250 283 1330 provincia
305 1251 436 1340 speciem
465 1250 586 1311 oilerrei
612 1250 744 1329 regionis
774 1270 789 1310 a
818 1268 979 1311 numeroso
1012 1250 1124 1329 populo
1152 1249 1248 1310 libero

124 1353 242 1431 optime
265 1350 376 1421 cultae,
399 1353 484 1413 cuius
512 1370 550 1412 ne
574 1369 625 1412 eae
655 1352 773 1429 quidem
803 1358 917 1430 partes,
947 1368 1023 1429 quae
1049 1351 1248 1430 agriculturae

125 1455 230 1514 minus
244 1452 368 1513 idoneae
384 1460 477 1524 erant,
495 1453 738 1530 relinquerentur
754 1449 939 1532 desertae.⁸⁴)
963 1454 1058 1525 Quam
1073 1453 1176 1534 populi
1188 1455 1248 1515 lre·

125 1556 282 1633 quentiam
297 1552 441 1638 hodierna
456 1557 502 1616 vix
524 1556 616 1616 luisse
632 1555 818 1625 inferiorem,
841 1557 1004 1634 perspicias
1020 1574 1056 1616 ex
1071 1574 1246 1617 monumen-

124 1661 168 1719 tis
183 1657 272 1719 huius
286 1657 465 1736 provinciae,
483 1656 707 1737 amphitheatris
723 1659 900 1737 praesertim
917 1664 946 1718 et
959 1656 1083 1718 theatris
1096 1658 1248 1741 Arelaten-

125 1758 223 1830 sibus,
237 1759 440 1828 Nemausensi,
453 1761 634 1829 Arausiensi,
646 1766 735 1836 atque
749 1761 950 1838 permansisse
961 1758 1039 1821 hanc
1050 1761 1249 1839 frequentiam

125 1878 227 1939 usque
250 1860 286 1920 ad
309 1860 460 1921 saeculum
483 1880 511 1940 p.
529 1860 580 1922 Ch.
599 1861 778 1930 secundum,
802 1863 905 1922 testari
920 1860 1057 1923 videntur
1080 1852 1249 1942 inscriptio·
1280 1863 1282 1867 ’

125 1983 185 2024 nes
209 1979 327 2040 quoque
349 1968 484 2033 nostrae,
509 1980 636 2041 quarum
656 1963 746 2040 longe
769 1964 896 2022 maxima
918 1981 989 2041 pars
1002 1961 1092 2024 hrrius
1108 1970 1153 2024 est
1169 1970 1248 2022 aeta·

125 2068 179 2126 tis
215 2067 252 2126 ot
274 2063 395 2124 eaedem
417 2066 628 2145 inscriptiones
650 2071 812 2132 testantur,
836 2063 1000 2142 oppidanae
1022 2063 1118 2143 plebis
1141 2071 1250 2125 statum

124 2163 284 2246 paullatim
307 2166 524 2242 quodammodo
548 2185 613 2228 esse
636 2171 798 2227 mutatum:
828 2184 896 2226 cum
919 2167 997 2226 enim
1024 2164 1104 2226 haud
1126 2165 1249 2226 dubium

127 2271 184 2338 sit,
210 2269 281 2346 quin
302 2269 387 2327 initio
411 2270 505 2329 maior
528 2268 743 2349 oppidanorum
767 2287 837 2347 pars
866 2286 902 2328 en
923 2269 1061 2345 ingenuis
1084 2253 1250 2328 constiterit

126 2373 229 2447 iisque
250 2370 491 2449 possessoribus
514 2389 693 2431 numerosae
716 2371 883 2430 sevirorum
905 2368 1108 2450 Augustalium
1138 2377 1167 2430 et
1188 2369 1249 2430 col-

125 2473 277 2550 legiorum
298 2473 510 2552 inscriptiones
532 2472 750 2542 demonstrant,
780 2471 932 2552 paullatim
952 2473 1140 2533 increscente
1162 2471 1248 2532 luxu-

126 2575 176 2634 ria
203 2580 321 2653 praeter
348 2591 539 2652 possessores
567 2573 716 2634 beatiores
745 2581 775 2634 et
801 2573 964 2636 honoratos
991 2573 1192 2654 praevaluisse
1219 2576 1250 2635 in

126 2676 247 2754 oppidis
269 2675 447 2738 libertorum
478 2675 597 2738 turbam
620 2675 656 2736 ab
685 2675 867 2754 agricultura
895 2676 1021 2738 alienam
1049 2677 1249 2738 imminutam-

127 2794 190 2855 que
214 2795 279 2838 esse
302 2776 448 2838 modicam
471 2794 613 2855 agrorum
635 2779 865 2858 possessionem.

215 2895 334 2965 Athis,
363 2914 439 2975 quae
468 2895 556 2957 modo
579 2898 889 2965 commemoravimus,
918 2896 976 2960 iam
997 2896 1188 2974 pervenimus
1213 2897 1250 2958 ad

127 3016 198 3060 eam
228 2999 448 3076 quaestionem,
479 3013 555 3074 quae
583 3005 719 3059 versatur
746 2999 777 3056 in
805 2995 1001 3057 describendo
1031 2995 1251 3072 quaestibus

125 3099 302 3180 provinciae
325 3107 443 3161 nostrae
465 3099 586 3178 populo.
626 3098 882 3172 Quemadmodum
906 3100 983 3158 enim
1005 3084 1061 3177 per
1084 3115 1172 3159 omne
1193 3100 1249 3158 im-

126 3203 265 3283 perium,
287 3202 327 3261 ita
349 3199 398 3260 hic
420 3218 539 3282 quoque
563 3200 599 3260 ab
621 3203 705 3262 initio
734 3218 796 3261 nou
823 3201 853 3260 id
883 3206 947 3260 erat
975 3199 1192 3278 oppidanorum
1221 3206 1251 3261 et

128 3305 314 3366 rusticorum
339 3302 515 3372 discrimen,
539 3312 573 3363 ut
595 3304 672 3364 sicut
693 3305 724 3363 io
747 3311 866 3364 nostrae
895 3303 997 3364 aetatis
1020 3302 1187 3364 civitatibus
1208 3302 1252 3363 illi

129 3405 312 3484 commercio
334 3405 434 3483 potius
457 3423 579 3483 operam
601 3405 723 3474 darent,
747 3403 777 3464 hi
799 3404 1012 3483 agriculturam
1037 3405 1128 3464 immo
1145 3404 1249 3466 Caesa-

128 3508 173 3568 ris
201 3509 305 3583 utique
332 3508 558 3585 primorumque
584 3509 800 3586 imperatorum
828 3511 924 3566 aetate
958 3505 1097 3586 oppidani
1131 3523 1250 3584 quoque

128 3609 253 3686 ingenui
286 3607 375 3685 longe
409 3602 567 3668 maximam
603 3615 719 3687 partem
753 3626 894 3686 agrorum
932 3614 1016 3666 erant
1047 3610 1252 3686 possessores.-

131 3709 217 3782 Quod
240 3717 273 3772 ut
293 3709 467 3788 intellegas,
493 3711 564 3771 satis
587 3711 643 3770 erit
664 3712 831 3779 monuisse,
861 3709 1034 3770 colonorum
1058 3708 1251 3770 deductiones

129 3828 285 3889 nunquam
307 3811 401 3871 iactas
430 3830 496 3872 esse
527 3813 591 3872 sine
621 3813 821 3889 assignatione
844 3828 984 3889 agrorum
1013 3829 1047 3870 eo
1070 3809 1194 3871 oonsilio
1218 3817 1252 3870 ut

131 3914 339 3992 unusquisque
361 3911 485 3973 colonus
509 3930 580 3990 agro
603 3912 727 3974 colendo
751 3913 835 3975 daret
858 3930 994 3992 operam,
1021 3919 1109 3988 atque
1132 3918 1165 3972 ut
1185 3909 1250 3971 lon-

131 4015 198 4091 gius
219 4021 447 4076 conservaretur
469 4012 517 4074 hie
538 4033 640 4074 rerum
663 4022 770 4083 status,
794 4013 956 4074 contribuit
977 4011 1057 4074 haud
1079 4010 1168 4072 dubie
1189 4010 1249 4070 Ro-

131 4133 288 4176 manorum
309 4114 360 4176 illa
383 4117 482 4194 opinio
507 4115 543 4176 de
566 4115 740 4193 quaestibus
769 4122 799 4176 et
821 4115 952 4176 artificiis
981 4111 1154 4174 liberalibus
1184 4132 1248 4196 sop-

200 4419 241 4486 84)
261 4418 363 4472 Strabo
380 4419 426 4473 IV.
445 4437 471 4487 p.
491 4421 549 4475 1⁷8.
567 4421 625 4472 186.
