3184 5162
300 451 356 538 ¹aa
710 447 793 506 ruas
813 451 833 505 ι.
877 439 984 506 curvi
1005 445 1025 504 1.

314 635 391 696 opus
419 623 515 685 esset,
544 617 721 676 institueret.
772 617 809 678 ht
833 619 958 677 Arverni
985 615 1155 676 exacerbati
1177 613 1379 676 Romanorum
1399 614 1432 674 iu

313 736 415 796 regem
438 737 526 778 suum
547 719 656 778 iniuria
677 717 862 778 rebellarunt
883 725 912 777 et
933 719 1032 780 denuo
1054 717 1230 779 Rhodanum
1252 717 1433 796 transgressi

315 837 409 898 nsque
432 820 468 881 ad
491 819 612 898 Sulgam
634 820 767 888 tluvinm,
791 822 842 897 qui
865 819 943 880 haud
967 820 1054 898 longe
1076 820 1114 880 ab
1128 822 1278 880 hrenione
1300 821 1332 880 in
1349 818 1431 880 Rho·

313 923 424 984 danum
446 923 552 992 inlinit,
575 929 786 1002 pervenerunt.
831 922 874 982 lbi
900 941 970 983 vero
992 942 1087 1004 prope
1105 921 1249 1002 oppidum
1264 921 1432 983 Vindalium

314 1025 423 1086 iterum
446 1043 515 1085 oum
543 1024 596 1086 Cn.
620 1025 749 1086 llomitio
775 1023 968 1102 confligentes
996 1044 1056 1086 uon
1084 1025 1202 1086 mehori
1228 1042 1317 1102 qnam
1345 1030 1433 1085 antea

313 1127 434 1187 fortuna
463 1127 510 1186 usi
536 1126 635 1187 denuo
658 1126 806 1206 profligati
827 1135 897 1188 sunt
918 1134 1008 1206 atque
1030 1129 1140 1198 eoacti,
1163 1133 1212 1196 ut,
1236 1142 1433 1204 quoscunque

313 1235 397 1289 trans
418 1227 595 1289 Rhodanum
618 1235 648 1288 et
669 1233 751 1289 trans
767 1227 936 1290 Cebennam
958 1237 1091 1290 montem
1109 1227 1276 1291 habuerant
1298 1228 1431 1296 ohentes,

314 1329 516 1392 Romanorum
545 1332 765 1391 committerent
792 1333 929 1410 imperio.
938 1327 975 1410 ²¹)
1029 1331 1215 1410 Quamquam
1249 1333 1329 1391 euim
1359 1329 1433 1390 nihil

314 1433 452 1494 audimus
466 1432 503 1493 de
519 1440 663 1513 occupato
679 1433 852 1494 altomeris
870 1432 1024 1494 Volcarum
1044 1451 1125 1512 agro,
1148 1441 1248 1494 tamen
1264 1440 1297 1493 ut
1311 1433 1434 1492 omniuo

313 1553 374 1596 uon
396 1541 495 1614 potest
516 1532 654 1603 dubitari,
679 1536 750 1610 quin
772 1533 823 1594 illo
845 1536 911 1614 ipso
932 1542 1078 1614 tempore,
1103 1552 1163 1612 qno
1184 1535 1335 1596 sinistram
1352 1533 1432 1594 libo-

314 1636 382 1696 dani
404 1638 500 1716 ripam
522 1635 647 1696 Romani
661 1637 801 1696 Arvernis
824 1637 1047 1706 subtraxerunt,
1071 1635 1216 1698 Rhodano
1239 1638 1363 1698 traiecto
1382 1654 1433 1695 us·

314 1755 373 1815 que
395 1738 431 1798 ad
454 1737 623 1817 Pyrenaeos
644 1739 797 1818 progressi
819 1739 894 1807 sint,
919 1739 974 1808 ita,
999 1757 1087 1818 quam
1110 1757 1200 1818 supra
1223 1737 1313 1798 buius
1335 1739 1433 1816 regio·

314 1841 361 1898 nis
390 1839 594 1900 condicionem
621 1840 713 1901 luisse
741 1839 880 1910 vidimuS,
916 1859 949 1900 ea
977 1841 1117 1902 iacilee
1150 1839 1277 1920 erpheat
1310 1839 1436 1900 dedetis

314 1941 454 2002 Arvernis
476 1941 625 2001 neminem
649 1943 705 2002 iam
728 1943 759 2001 in
781 1942 834 2002 illo
856 1942 966 2003 Galliae
989 1941 1190 2003 meridionalis
1212 1942 1306 2002 limite
1324 1941 1434 2002 Roma-

314 2044 360 2103 nis
383 2043 543 2118 obstitisse.
563 2043 642 2120 ¹Nou
665 2043 794 2104 dubitari
816 2050 925 2123 potest,
948 2045 1079 2121 inquam,
1102 2045 1140 2104 de
1164 2049 1309 2123 occupato
1329 2043 1433 2103 Volca-

313 2163 381 2206 rum
394 2162 481 2222 agro:
502 2145 643 2221 qnoniam
656 2147 736 2205 enim
749 2151 873 2214 constat,
896 2147 972 2206 uam
985 2162 1060 2223 quiae
1074 2165 1090 2205 a
1105 2144 1249 2206 Rhodano
1261 2146 1434 2225 Hispaniam

314 2265 417 2307 versus
439 2246 529 2316 ducit,
553 2246 697 2325 appellari
712 2243 924 2324 llomitiam22),
948 2250 1041 2308 sterni
1058 2255 1163 2326 coepta
1185 2249 1224 2307 sit
1239 2265 1365 2308 neeesse
1389 2253 1436 2305 est

381 2448 425 2510 21)
444 2449 587 2511 Frequens
606 2452 648 2498 est
665 2448 734 2498 belli
746 2448 919 2513 Allobrogici
932 2449 1005 2515 apud
1023 2455 1134 2502 veteres
1152 2451 1302 2516 scriptores
1320 2448 1435 2508 mentio,

314 2546 405 2595 neque
428 2547 494 2582 vero
518 2531 552 2582 de
575 2533 707 2596 temporis
729 2531 824 2582 ordine
846 2534 921 2584 iuter
947 2551 976 2585 se
1005 2536 1190 2587 consentiunt.
1231 2535 1343 2584 Etenim
1366 2533 1438 2584 lasti

314 2617 424 2681 quidem
442 2616 623 2681 triumphales
641 2617 711 2667 haee
729 2616 847 2668 habeut:
867 2618 896 2678 Q.
917 2620 1008 2670 Fabius
1022 2619 1050 2680 Q.
1069 2620 1206 2670 Aemiliani
1220 2620 1242 2683 f.
1257 2617 1287 2680 Q.
1305 2637 1331 2670 n.
1343 2618 1437 2668 Murri-

312 2718 366 2752 mua
381 2717 487 2766 procos.
505 2703 537 2750 de
550 2697 752 2767 Allobro[pibes]
764 2709 789 2750 et
800 2718 861 2767 repe
874 2703 1047 2754 Aruernorum
1059 2704 1162 2756 Betnlto
1174 2721 1215 2756 aa.
1229 2699 1435 2768 DC[XXXIII]

210 2785 213 2790 '
314 2785 341 2836 X
357 2786 383 2838 h.
397 2821 404 2836 .
418 2823 446 2836 ..
465 2813 499 2820 -
518 2786 562 2836 Cu.
582 2787 706 2836 Domitius
725 2787 769 2836 Ca.
787 2787 809 2850 s.
824 2787 868 2838 Cu.
888 2804 913 2840 a.
926 2789 1087 2838 Ahenobarb.
1100 2805 1203 2853 procos.
1222 2790 1254 2838 de
1275 2789 1371 2837 Galleis
1383 2787 1437 2836 Ar-

313 2873 413 2921 oernet's
435 2867 488 2936 ahi.
516 2867 724 2934 DCCXXXIII]
748 2871 829 2921 XVI,
853 2870 877 2922 lc.
897 2907 982 2936 ....,
1010 2872 1045 2921 ad
1073 2888 1145 2936 qnae
1173 2873 1302 2923 conteras
1326 2876 1439 2937 oportet

312 2957 430 3006 Heuzen
448 2955 529 3020 Corp.
542 2955 672 3019 Inscript.
686 2956 750 3004 Lat.
763 2955 785 3005 1.
803 2972 831 3020 p.
843 2958 902 3008 463.
937 2955 1016 3006 Unde
1028 2959 1178 3008 Mommsen
1191 2954 1234 3020 (R.
1248 2957 1282 3010 G.
1295 2960 1321 3020 2,
1336 2959 1385 3006 162
1397 2958 1438 3020 n.)

313 3041 381 3090 dieit
398 3041 520 3105 probari,
540 3039 613 3105 apud
630 3040 739 3090 Isaram
756 3049 909 3105 pugnatum
928 3056 990 3091 esse
1008 3047 1074 3092 ante
1092 3057 1213 3108 pugnam
1226 3041 1439 3092 Vindaliensem

312 3125 395 3190 idque
421 3124 576 3174 confirmari
598 3128 626 3175 et
650 3141 667 3174 e
689 3124 840 3188 Strabone,
866 3125 914 3188 qui
937 3126 1042 3175 reserat
1064 3125 1130 3189 (IV.
1152 3143 1179 3191 p.
1200 3128 1258 3175 191.
1283 3127 1334 3175 cfr.
1354 3126 1436 3189 185):

312 3207 544 3274 προηγωνίσαντο
564 3203 604 3271 (οἱ
620 3201 786 3274 Ἅρούερνοι)
803 3201 874 3272 πρὸς
891 3199 1029 3276 Μάξιμον
1046 3202 1096 3261 τὸν
1115 3202 1284 3277 Αἰμιλιανὸν
1302 3203 1439 3274 καὶπρὸς

313 3285 459 3358 Δομήτιον
478 3284 507 3342 δ’
527 3283 657 3351 drodant·
673 3282 867 3359 Ἀηνόβαρβον,
888 3297 951 3343 eta
969 3294 1053 3345 Floro
1072 3297 1097 3353 3,
1110 3297 1152 3358 24,
1171 3295 1218 3344 nbi
1237 3294 1304 3344 ordo
1322 3295 1370 3344 hie
1385 3295 1437 3344 sit:

313 3377 393 3425 Isura
411 3384 436 3425 et
457 3377 604 3426 Vindelicus
616 3379 696 3427 amnis
714 3379 764 3439 (sc.
777 3379 913 3428 victoriae
925 3377 1033 3443 testes),
1054 3383 1082 3428 et
1101 3395 1117 3428 a
1135 3380 1227 3429 Plinio
1247 3379 1285 3441 (h.
1299 3395 1326 3430 n.
1340 3382 1365 3438 7,
1379 3378 1437 3444 50),
1508 3421 1510 3426 .
1535 3383 1539 3394 “

314 3462 362 3524 qui
379 3462 453 3510 sient
470 3461 568 3511 Livius
587 3477 695 3525 quoqne
713 3463 830 3513 Fabium
850 3463 1003 3524 consulem,
1026 3478 1081 3512 non
1105 3463 1300 3528 proconsulem
1323 3463 1361 3514 ad
1378 3465 1440 3514 Isa-

312 3561 371 3595 ram
389 3545 479 3595 faoiat
498 3546 699 3610 confligentem.
736 3545 787 3596 (lui
810 3548 941 3612 temporis
960 3547 1073 3608 rationi,
1093 3563 1176 3612 quam
1194 3563 1245 3597 uns
1265 3563 1379 3612 quoque
1392 3564 1437 3598 se-

315 3631 372 3678 cuti
390 3645 491 3692 snmus,
511 3630 625 3680 obstant
642 3631 704 3682 Liv.
724 3631 789 3696 epit.
808 3633 849 3684 61.
880 3631 959 3682 Oros.
979 3633 1114 3696 5,13sq.‚
1133 3634 1180 3696 qui
1198 3632 1315 3684 duorum
1333 3633 1440 3698 proeli·

313 3729 389 3764 orum
412 3713 535 3762 ordinem
557 3715 709 3766 invertunt.
748 3715 899 3766 Praeterea
926 3716 1092 3767 mentionem
1120 3717 1202 3766 huius
1228 3716 1299 3766 belli
1328 3718 1441 3768 faciunt

314 3785 395 3848 caes.
415 3797 481 3847 aeri.
500 3797 568 3862 gau,
589 3800 675 3861 1‚·45.
705 3799 778 3851 ven.
796 3802 822 3862 2,
842 3801 883 3850 10.
898 3803 940 3850 aa.
965 3801 1082 3865 appan.
1100 3800 1168 3850 beu.
1181 3799 1250 3865 gau.
1264 3803 1287 3862 1,
1303 3802 1345 3851 12.
1373 3802 1439 3854 vu.

313 3883 436 3945 Mau-tl,
456 3883 485 3945 6,
504 3885 528 3932 3.
552 3911 583 3917 -
607 3882 637 3931 si
660 3884 810 3948 Eutropius
832 3885 862 3947 4,
881 3886 914 3932 22
932 3885 1013 3934 dicit:
1038 3885 1071 3933 Α.
1091 3883 1256 3934 DCXXVII
1274 3902 1298 3933 a.
1318 3903 1343 3938 u.
1363 3903 1387 3936 e.
1409 3887 1438 3936 C.

314 3968 417 4017 Cetrius
439 3968 570 4032 Longinus
592 3974 618 4015 et
640 3967 703 4016 Sex.
727 3969 852 4017 Domitius
874 3956 990 4018 Choirios
1012 3972 1127 4019 eonsules
1152 3969 1231 4019 Gallis
1256 3969 1442 4036 Transalpinis

313 4053 401 4102 bellum
417 4054 556 4101 intulerunt
573 4059 600 4100 et
617 4051 792 4102 Aruernorum
809 4053 906 4101 αὐὶίαιί
922 4060 947 4101 et
964 4069 1050 4102 eorum
1067 4056 1127 4103 duoi
1144 4054 1255 4115 Bituito,
1275 4058 1305 4102 et
1323 4057 1441 4106 nomina

315 4142 343 4186 et
355 4153 399 4186 res
412 4136 566 4190 confundit.
595 4137 691 4200 Neque
710 4137 799 4185 minus
818 4135 967 4186 Suetonius
984 4138 1050 4191 Ner.
1068 4140 1083 4186 2
1102 4137 1159 4187 filio
1177 4137 1285 4201 tribuit,
1306 4141 1384 4202 quod
1397 4142 1442 4191 est

312 4223 410 4286 patris.
1187 4265 1191 4271 .
1489 4273 1492 4277 ,

381 4305 425 4369 22)
445 4307 501 4359 cte.
519 4323 569 4372 pro
586 4307 624 4360 Μ.
642 4301 943 4367 nont.e‚1o(nlotz)=
963 4321 1016 4353 erno
1033 4307 1070 4356 ud
1084 4322 1164 4370 remp.
1181 4309 1339 4372 pertineret,
1360 4313 1442 4361 via'm

315 4389 479 4438 Domitiam
495 4394 593 4440 muniri.
