3148 5160
305 441 368 504 254
686 443 771 502 PARS
793 443 822 500 ll.
867 443 974 501 CAPVT
996 443 1038 500 lll.

305 612 407 688 fragiis
441 611 624 688 municipum
653 608 739 670 electi
768 612 952 671 constituunt
984 611 1073 670 unius
1109 612 1243 690 corporis
1275 611 1426 688 quandam

304 713 479 790 imaginem,
503 729 558 791 per
581 711 659 788 quod
684 710 816 788 singulae
838 713 955 790 imperii
983 719 1086 791 partes
1114 730 1213 772 coram
1240 713 1426 791 imperatore

305 833 389 876 suam
411 813 591 874 voluntatem
613 814 729 892 possint
752 815 937 892 exprimere,
968 831 1053 874 suam
1077 831 1211 875 caussam
1233 830 1339 890 agere;
1371 833 1423 874 cu·

304 925 421 978 ratores
451 914 575 993 singulis
603 914 721 994 oppidis
748 916 880 994 impositi
907 933 962 993 per
990 914 1103 976 ltaliam
1136 923 1166 974 et
1193 912 1363 993 provincias
1394 918 1424 975 in

304 1018 444 1079 auxilium
462 1016 738 1108 'administrationis
766 1014 903 1094 publicae
932 1023 1002 1076 sunt
1026 1018 1170 1085 instituti,
1204 1019 1253 1077 cui
1278 1017 1425 1076 intentius

304 1119 434 1198 agendae
456 1119 534 1179 terni
562 1120 733 1198 quaternive
762 1119 907 1197 cuiusque
935 1120 1104 1197 provinciae
1127 1119 1318 1196 magistratus
1340 1117 1424 1178 nullo

303 1222 392 1283 modo
414 1227 553 1300 poteraut
575 1220 721 1280 sulficere.
766 1221 803 1281 m
824 1237 893 1281 cum
915 1225 1056 1280 neutrum
1085 1237 1188 1280 eorum
1216 1220 1424 1280 institutorum

302 1323 434 1401 legitimo
457 1323 658 1398 continuoque
680 1322 799 1400 imperii
820 1320 917 1382 ordini
939 1329 973 1382 ut
986 1323 1154 1382 necessaria
1175 1339 1245 1400 pars
1267 1321 1423 1400 adaptare-

305 1432 361 1494 tur,
385 1431 525 1485 neutrum
549 1423 689 1493 consilio,
713 1424 761 1483 cui
783 1422 910 1484 debebat
931 1425 1094 1493 inservire,
1120 1423 1251 1490 suffecit:
1276 1442 1346 1484 nam
1369 1442 1423 1484 ne·

304 1543 362 1606 que
390 1527 508 1605 patroni
541 1542 640 1603 neque
670 1531 825 1585 curatores
856 1525 1076 1605 impediverunt
1109 1543 1189 1595 eam,
1225 1541 1300 1602 quae
1335 1526 1424 1584 tertio

303 1628 422 1690 saeculo
445 1646 500 1708 per
528 1645 617 1687 omne
642 1628 803 1706 imperium
831 1626 1037 1704 grassabatur,
1067 1629 1185 1688 ruinam
1212 1628 1363 1688 civitatum
1394 1635 1426 1686 et

302 1732 531 1809 provinciarum.

386 1833 429 1894 Ex
450 1832 601 1910 provincia
623 1830 808 1891 Narbonensi
836 1830 872 1890 ad
899 1829 1108 1892 illustrandum
1137 1838 1308 1892 curatorum
1336 1831 1424 1892 insti-

286 1940 399 1995 -tutum
426 1935 483 1994 tria
512 1940 625 1994 tautum
659 1930 754 1992 babeo
789 1951 866 2011 quae
892 1932 1011 1994 alienam
1044 1931 1188 2012 exempla.
1239 1933 1284 1992 Er
1313 1932 1426 2010 quibus

302 2037 401 2114 primo
424 2035 489 2095 loco
513 2042 542 2094 et
565 2035 708 2114 temporis
731 2040 760 2094 et
787 2031 970 2094 claritudinis
992 2037 1106 2095 ratione
1133 2033 1290 2114 ponendus
1320 2041 1367 2094 est
1388 2033 1422 2094 L.

301 2137 479 2199 Burbuleius
507 2135 539 2196 L.
568 2137 588 2196 l.
619 2136 741 2207 Quirina
769 2135 894 2214 Optatus
921 2135 1095 2214 Ligarianus
1124 2135 1169 2214 (n.
1199 2136 1294 2214 675),
1332 2154 1426 2213 quem

302 2239 382 2300 bart.
407 2237 550 2316 Borghesi
558 2233 593 2315 ⁴¹)
620 2236 757 2316 probavit
784 2244 923 2316 praetura
951 2237 1087 2300 iunctum
1116 2256 1183 2298 esse
1211 2255 1289 2297 anno
1312 2257 1341 2316 p.
1368 2237 1423 2298 Cb.

303 2347 373 2410 117,
398 2359 433 2400 ex
456 2346 596 2418 praetura
618 2345 717 2399 autem
739 2341 800 2400 sive
823 2357 901 2400 anno
916 2345 976 2407 118
1000 2346 1169 2401 curatorem
1191 2339 1283 2400 luisse
1305 2341 1424 2400 viarum
1449 2335 1456 2352 ¹

303 2441 468 2518 eodemque
491 2447 626 2519 tempore
649 2448 816 2502 curatorem
839 2460 941 2502 rerum
963 2440 1150 2520 publicarum
1173 2439 1321 2502 Narbouis
1344 2442 1425 2503 llar-

301 2544 348 2612 tii,
372 2547 524 2611 Anconae,
548 2542 734 2603 Tarracinae.
769 2543 865 2614 Quem
888 2544 1023 2620 sequitur
1046 2543 1083 2603 M.
1108 2542 1232 2603 Pontius
1255 2541 1292 2602 ll.
1317 2544 1338 2604 l.
1362 2543 1425 2604 Pu·

301 2645 380 2722 pinia
404 2641 559 2704 Laelianus
580 2642 702 2704 Larcius
725 2643 850 2705 Sabinus
874 2643 912 2724 (u.
930 2642 1013 2722 664),
1038 2652 1157 2706 curator
1180 2645 1306 2705 civitatis
1327 2646 1425 2706 Arau-

302 2747 422 2814 sieneis‚
446 2747 587 2825 quicum
610 2745 715 2807 consul
738 2753 816 2807 esset
838 2765 915 2807 anno
938 2765 967 2825 p.
986 2745 1038 2807 Ch.
1057 2750 1127 2815 163,
1151 2747 1300 2807 curatoris
1321 2754 1425 2808 autem

300 2865 425 2908 munere
447 2848 518 2908 item
542 2866 577 2908 ex
599 2855 739 2926 praetura
761 2849 950 2926 iungeretur,
981 2849 1087 2928 primis
1107 2849 1248 2910 Antonini
1268 2849 1314 2909 Pii
1336 2851 1427 2910 aunis

300 2967 402 3010 curam
425 2947 504 3010 illam
527 2949 644 3009 videtur
666 2951 848 3028 suscepisse,
880 2952 928 3011 cui
949 2950 1047 3010 osticio
1077 2968 1112 3011 eo
1141 2951 1236 3027 magis
1264 2957 1329 3010 erat
1357 2950 1426 3010 ido-

300 3069 390 3121 neus,
415 3051 495 3131 quod
518 3058 605 3112 antea
633 3059 822 3129 quaesturam
851 3059 985 3128 gesserat
1012 3053 1183 3130 provinciae
1206 3051 1425 3113 Narbonensis

300 3152 416 3213 Claudii
437 3169 543 3229 agmen
567 3159 686 3212 curator
708 3153 832 3213 civitatis
853 3153 1026 3214 broniensis
1050 3161 1079 3214 et
1100 3155 1165 3232 ipse
1180 3155 1224 3212 vir
1239 3155 1426 3232 praetoriae,

300 3253 352 3314 sed
374 3255 504 3314 nominis
527 3260 557 3314 et
582 3255 725 3332 temporis
753 3254 859 3314 incerti
882 3253 926 3336 (n.
951 3250 1039 3331 363).
1085 3253 1242 3315 Recedunt
1268 3257 1361 3332 igitur
1391 3257 1427 3316 in

300 3362 401 3415 nostra
424 3356 575 3434 provincia
598 3362 752 3416 curatores
774 3373 867 3434 prope
888 3351 986 3432 'usque
1014 3355 1050 3415 ad
1071 3357 1168 3435 ipsius
1190 3356 1311 3416 Traiani
1340 3363 1426 3417 aeta·
1507 3423 1510 3431 Α

300 3464 375 3526 tem,
399 3463 487 3536 atque
509 3458 563 3516 viri
586 3458 727 3517 senatorii
749 3455 797 3516 hie
820 3473 939 3534 quoque
965 3456 995 3516 id
1025 3475 1135 3518 munus
1163 3464 1325 3535 gesserunt
1352 3466 1427 3518 ante

298 3558 336 3618 M.
360 3557 520 3618 Aurelium.
551 3615 557 3620 .

624 3727 659 3775 D.
694 3727 736 3775 Da
755 3727 843 3777 sacris
860 3727 1088 3791 provincialibus.

383 3863 447 3923 Huc
468 3864 599 3942 primum
620 3865 751 3941 pertinet
773 3862 918 3940 quaedam
941 3882 1096 3924 sacrorum
1111 3883 1184 3924 cura
1203 3883 1219 3924 a
1236 3865 1427 3944 proconsule

298 3965 426 4043 agenda;
450 3965 534 4025 cuius
556 3947 656 4042 partes
678 3963 813 4024 videmus
836 3983 902 4024 esse
926 3972 991 4026 vota
1014 3984 1030 4024 a
1053 3965 1234 4051 proconsule
1258 3985 1327 4028 cum
1349 3985 1427 4046 pro·

364 4218 407 4282 41)
426 4217 561 4284 Borghesi
579 4217 697 4266 omnium
715 4217 927 4282 magistratuum
946 4235 963 4268 a
975 4219 1128 4270 Burbuleio
1141 4224 1282 4285 gestorum
1295 4220 1432 4274 ordinem

296 4302 401 4368 insigni
418 4301 496 4352 modo
515 4302 667 4353 illustravit
684 4300 781 4351 libello
799 4300 862 4351 illo:
882 4302 1018 4354 Memoria
1036 4319 1120 4368 sopra
1137 4303 1185 4354 un'
1204 4306 1357 4357 iscrizione
1379 4309 1434 4363 del

297 4386 408 4437 console
426 4386 459 4438 L.
477 4385 635 4436 Burbuleio.
655 4385 757 4450 Napoli
775 4388 850 4437 1837.
