3148 5160
319 467 380 530 180
706 465 791 523 raus
812 449 843 522 u.
883 463 989 522 uarvr
1010 465 1040 522 u.

314 631 402 702 bant,
427 631 631 693 condicionem
655 632 910 694 consideravimus
932 631 1162 711 municipalem,
1192 633 1347 709 quaeritur
1368 632 1439 702 iam,

317 731 466 812 quomodo
489 753 557 795 cum
581 751 614 794 ea
642 735 741 796 iuncta
764 735 802 796 sit
830 741 925 796 status
948 737 1039 804 ratio,
1069 752 1157 812 quam
1186 735 1312 811 quisque
1340 733 1439 794 muni·
1521 776 1524 780 -

316 855 386 916 ceps
409 835 537 898 babebat
560 854 631 914 erga
652 837 812 915 imperium
836 837 1012 897 Romanum.
1053 837 1089 896 Et
1111 835 1242 915 primum
1265 835 1385 914 quidem
1401 853 1440 895 ex

316 957 366 1009 eo,
398 937 477 1016 quod
505 939 563 998 iam
588 940 795 1018 exposuimus,
820 945 961 1017 apparet,
993 939 1163 1016 quicunque
1190 937 1310 1016 plenam
1338 937 1440 996 civita-

313 1047 375 1100 tem
398 1039 522 1101 alicuius
545 1039 678 1100 coloniae
695 1041 801 1100 civium
817 1039 1020 1102 Ronlanorum
1034 1038 1172 1108 babebat,
1197 1055 1265 1100 eum
1289 1045 1319 1099 et
1339 1041 1440 1118 ipsum

315 1145 409 1204 civem
432 1143 525 1204 luisse
547 1141 728 1212 Romanum,
758 1143 808 1220 qui
838 1161 908 1204 vero
937 1141 1070 1203 coloniae
1098 1141 1220 1202 Latinae
1249 1147 1312 1201 erat
1340 1142 1439 1200 muni-

315 1263 396 1324 ceps,
422 1247 447 1305 si
462 1243 597 1323 plebeius
620 1253 692 1313 erat,
717 1246 810 1304 civem
833 1244 926 1304 luisse
943 1244 1089 1310 Latinum,
1115 1244 1140 1304 si
1161 1242 1286 1302 honoris
1307 1240 1439 1320 aliquem

314 1345 438 1424 gradum
468 1345 638 1406 obtinuerat
670 1349 701 1406 in
729 1347 909 1425 municipio,
943 1353 1027 1423 gesto
1059 1344 1174 1405 bonore
1204 1346 1298 1403 civem
1326 1344 1439 1404 lactum

315 1465 381 1506 esse
402 1446 578 1507 Romanum.
625 1446 742 1508 Incolae
765 1447 874 1508 deinde
898 1465 985 1525 quem
1018 1453 1125 1507 statum
1148 1463 1275 1525 peregre
1297 1452 1438 1524 apporta-

313 1556 425 1617 verant,
450 1567 519 1609 eum
541 1535 724 1618 retinebant,
748 1551 779 1609 in
803 1566 982 1627 quocunque
1005 1549 1115 1627 oppido
1139 1546 1322 1608 domicilium
1344 1545 1437 1607 babe-

313 1649 393 1719 bant,
418 1668 530 1728 neque,
561 1652 611 1726 qui
634 1652 759 1711 minoris
781 1653 855 1711 iuris
878 1658 964 1712 erant
987 1667 1076 1728 quam
1097 1651 1156 1729 ipsi
1178 1650 1361 1728 municipes,
1390 1650 1439 1708 in-

314 1750 428 1812 colatus
449 1753 514 1812 iure
537 1750 745 1823 mutabantur,
775 1754 833 1812 nisi
863 1753 941 1830 quod
971 1755 1022 1829 qui
1048 1751 1196 1814 incolatus
1225 1751 1345 1811 nomine
1374 1769 1438 1811 rna-

313 1855 455 1930 gistratus
477 1853 622 1930 gerebant
637 1853 742 1924 Latini,
766 1852 845 1915 baud
868 1855 958 1915 dubie
982 1862 1011 1916 et
1033 1855 1091 1934 ipsi
1107 1856 1256 1915 civitatem
1271 1851 1437 1912 Romanam

312 1953 382 2014 inde
409 1955 659 2034 adipiscebantur.
705 1957 766 2016 Iam
802 1975 870 2016 vero
899 1972 957 2033 quo
990 1964 1125 2036 tempore
1159 1955 1292 2016 coloniae
1326 1955 1436 2013 civium

313 2056 516 2118 Romanorum
540 2058 676 2118 conditae
699 2064 783 2127 sunt,
813 2057 925 2134 ubique
954 2058 1112 2136 indigenae
1141 2074 1263 2135 quoque
1290 2055 1337 2116 his
1366 2064 1439 2116 sunt

313 2158 461 2218 attributi:
491 2161 542 2236 qui
569 2165 669 2220 utrum
699 2176 794 2236 aequo
817 2161 882 2219 iure
905 2160 1074 2237 gaudebant
1101 2165 1188 2237 atque
1212 2157 1310 2218 coloni
1333 2175 1372 2217 an
1392 2157 1436 2217 la·

313 2259 429 2318 tinitate
453 2265 583 2330 tantum,
613 2268 646 2320 ut
668 2260 776 2340 reliqui
799 2260 970 2338 indigenae,
1000 2267 1070 2322 sunt
1092 2261 1213 2321 donatii
1257 2259 1300 2320 De
1322 2257 1379 2318 hac
1401 2276 1437 2320 re

312 2359 427 2420 nullum
451 2368 531 2421 extat
552 2363 757 2422 testimonium
785 2380 882 2440 neque
905 2365 999 2441 magis
1027 2368 1156 2431 constat,
1188 2380 1260 2422 num
1282 2360 1435 2429 Narbone,

235 2494 237 2500 ·
313 2462 344 2520 in
367 2478 456 2537 quam
485 2471 616 2522 veterem
644 2462 791 2524 'colomam
824 2464 938 2524 alulio
962 2466 1087 2525 Caesare
1116 2465 1185 2524 novi
1214 2463 1336 2524 deducti
1364 2469 1437 2524 sunt

313 2562 420 2633 coloni,
445 2570 579 2624 veterum
603 2571 632 2624 et
655 2583 760 2626 reeens
784 2565 980 2627 deductorum
1005 2567 1136 2626 extiterit
1158 2565 1329 2625 discrimen.
1375 2564 1436 2624 Ex·

311 2665 408 2724 titisse
431 2666 462 2725 in
485 2664 549 2725 aliis
572 2667 739 2727 civitatibus
761 2669 839 2727 inter
861 2667 1015 2746 indigenas
1032 2665 1214 2743 colonosque
1235 2667 1312 2726 iuris
1327 2666 1435 2727 discri-

311 2767 391 2826 mina
414 2773 444 2826 et
466 2756 618 2846 separatos
641 2768 767 2845 quadam
788 2771 905 2830 ratione
929 2787 994 2830 esse
1017 2768 1139 2830 colonos
1161 2787 1268 2828 recens
1289 2767 1437 2828 deductos

311 2889 327 2928 a
354 2867 519 2939 veteribus,
549 2871 580 2929 Α.
612 2869 658 2928 W.
687 2871 794 2950 Zumpt
822 2869 1026 2950 compluribus
1054 2870 1190 2948 probavit
1218 2869 1366 2949 exemplis
1380 2865 1435 2949 72);

311 2971 391 3048 quod
415 2977 514 3032 autem
536 2970 616 3030 idem
632 2970 738 3050 Zumpt
753 2971 891 3032 Narbone
907 2990 1026 3051 quoque
1050 2974 1154 3032 statuit
1177 2971 1322 3032 eiusmodi
1340 2972 1437 3031 luisse

221 3131 224 3137 ,
311 3071 498 3140 discrimina,
533 3072 659 3133 alterum
694 3075 833 3152 quoniam
863 3072 961 3134 coloni
988 3073 1232 3133 discernerentur
1260 3073 1297 3134 ab
1325 3072 1437 3135 incolis

310 3173 388 3253 (app.
412 3179 506 3232 nostr.
531 3191 558 3232 n.
586 3171 624 3252 1),
649 3173 822 3234 colonorum
845 3174 1123 3254 indigenarumque‚
1149 3171 1333 3253 aiterum⁷³),
1359 3193 1436 3252 quo-

309 3274 389 3331 niam
413 3273 575 3332 Decumani
598 3273 840 3337 discernerentur
863 3274 900 3335 ab
922 3273 1111 3354 Atacinis74),
1141 3275 1318 3337 colonorum
1341 3295 1435 3336 novo-

309 3391 377 3433 rum
401 3381 430 3432 et
452 3382 596 3443 veterum,
620 3375 692 3436 illud
715 3379 800 3456 prius
821 3377 950 3455 Zumptii
973 3376 1133 3438 discrimen
1156 3396 1246 3438 nemo
1269 3397 1330 3438 non
1353 3379 1436 3439 videt
1472 3357 1475 3364 ¹

310 3494 326 3534 a
351 3473 462 3552 vulgari
485 3474 657 3538 colonorum
680 3479 905 3555 incolarumque
921 3478 1111 3539 distinctione
1126 3497 1252 3558 prorsus
1276 3498 1344 3541 esse
1360 3479 1434 3540 alie-

276 3579 278 3584 “
309 3594 395 3644 num,
433 3575 561 3637 alterum
597 3585 694 3639 autem
729 3581 807 3640 inter
833 3582 915 3658 ipsos
950 3578 1071 3640 colonos
1099 3581 1275 3651 discrimen,
1316 3588 1435 3642 utnon

308 3684 406 3757 potest
427 3681 545 3756 negari,
568 3681 609 3738 ita
629 3698 667 3739 ne
688 3687 818 3742 statuere
841 3681 960 3760 quidem
977 3681 1061 3750 licet;
1086 3682 1123 3742 ad
1146 3682 1240 3743 Melae
1263 3691 1363 3744 autem
1389 3683 1436 3743 lo-

308 3901 473 3950 tributorum
492 3902 526 3950 ab
545 3895 672 3966 Augusto
689 3901 815 3952 coloniae
834 3902 1017 3968 Tergestinus
1035 3901 1187 3968 peculiaris
1202 3903 1314 3956 videtur
1334 3905 1435 3968 fuisse,

305 3984 423 4034 inferior
440 3986 551 4035 scilicet
568 3987 625 4035 iure
645 3987 767 4050 ipsorum
785 3987 1019 4052 Tergestinorum.

375 4069 418 4134 72)
437 4071 548 4134 Zumpt,
568 4074 711 4119 comment.
733 4071 819 4136 egigr.
839 4074 864 4136 1,
882 4073 932 4121 464
950 4087 1008 4136 sqq.
1034 4122 1036 4126 ,

375 4151 419 4220 73)
437 4153 508 4206 Ibid.
527 4156 549 4212 1,
569 4155 627 4203 314.
1392 4217 1396 4220 ι

375 4237 418 4301 74)
436 4238 511 4288 Mela
523 4240 547 4302 2,
561 4240 585 4290 5,
606 4237 682 4287 Idem
695 4239 913 4290 Decumenorum
922 4240 1158 4305 Atacinorumque
1171 4241 1324 4293 discrimen
1334 4245 1439 4312 Zumpt

308 4321 331 4384 1,
345 4322 395 4372 314
413 4321 446 4370 de
466 4322 623 4372 colonorum
635 4323 882 4389 indigenarumque
899 4327 1101 4391 interpretatus
1118 4330 1160 4376 est
1178 4327 1359 4393 discrimine3
1381 4331 1436 4384 cfr.

306 4420 388 4469 supro
406 4421 432 4470 p.
452 4407 493 4454 56.
