3184 5162
252 409 253 412 Ὺ
314 449 355 512 ao
774 438 976 508 ruooemvu'.

313 613 350 676 ad
378 613 583 676 defensionem
617 621 732 676 tantum
765 622 934 678 constructa
968 612 1087 695 publica
1119 611 1272 676 Gallorum
1299 613 1441 675 instituta

312 736 375 778 non
398 724 565 786 mutarunt;
596 735 664 779 uam
693 718 724 778 in
752 715 895 779 ulteriore
923 733 1042 796 quoqne
1070 715 1163 780 Gallia
1191 715 1300 778 Caesar
1330 714 1439 777 eadem

312 821 429 880 moenia
453 819 573 887 invenit,
597 835 695 896 neque
716 817 759 878 ibi
782 826 882 881 vetera
904 817 1057 880 Gallorum
1078 820 1213 880 instituta
1235 823 1348 880 mutata
1370 825 1440 879 tum

312 940 379 982 esse
402 919 528 982 diceres.
575 920 661 992 Quod
683 939 753 981 vero
776 920 813 980 ad
834 939 1025 984 nummorum
1048 919 1127 1000 apud
1142 918 1243 981 Gallos
1260 936 1348 980 usum
1364 937 1437 998 per-

310 1025 400 1092 tinet,
431 1041 499 1083 eum
527 1041 582 1102 prc
604 1023 714 1100 insigni
736 1020 827 1082 habes
850 1021 1001 1100 exemplo,
1031 1038 1091 1098 quo
1120 1021 1209 1082 modo
1237 1020 1275 1082 ad
1303 1021 1439 1082 Graecos

310 1143 411 1186 mores
441 1121 561 1185 barbari
591 1142 624 1184 se
658 1125 881 1185 conformariut
933 1123 1124 1202 Receperunt
1150 1123 1280 1184 Graecas
1308 1121 1437 1190 litteras,

310 1227 421 1288 Graeca
446 1227 543 1304 signa,
568 1225 750 1288 Graecorum
774 1223 923 1303 pondera,
946 1226 1015 1304 quia
1038 1226 1210 1284 commercii
1232 1222 1263 1284 id
1283 1221 1439 1300 flagitabat

310 1347 383 1389 usus
406 1343 503 1406 neque
526 1325 613 1388 aliam
636 1332 837 1404 cognoverant
864 1343 1054 1388 nummorum
1083 1327 1249 1394 rationem
1278 1330 1309 1386 at
1335 1341 1438 1402 neque

311 1429 346 1490 ad
370 1439 465 1490 artem
489 1429 671 1490 Graecorum
702 1426 761 1488 ullo
790 1427 878 1488 modo
900 1436 1093 1490 accesserunt
1121 1445 1221 1506 neque
1243 1429 1284 1488 ita
1305 1427 1337 1488 in
1361 1444 1436 1488 con-

310 1530 498 1592 suetudinem
516 1530 552 1589 iis
568 1531 752 1590 transierunt
767 1528 810 1590 illi
825 1531 949 1599 nummi,
973 1536 1007 1590 ut
1021 1529 1203 1598 dubitarent,
1226 1527 1279 1589 ubi
1301 1529 1438 1606 primum

308 1631 434 1692 Romani
464 1632 495 1691 iu
519 1647 583 1691 eam
606 1631 760 1708 regionem
784 1641 944 1701 venerunt,
973 1631 1102 1692 Graecas
1123 1629 1238 1692 litteras
1260 1630 1438 1706 formasque

309 1732 451 1794 Romanis
475 1739 600 1798 mutare,
625 1730 750 1792 eandem
773 1733 803 1791 in
819 1730 1011 1793 conficiendis
1033 1733 1164 1794 nummis
1186 1738 1342 1792 servantes
1365 1729 1437 1792 bar·

308 1834 411 1895 haram
439 1832 669 1894 deformitatem.
715 1832 871 1894 lmmutata
899 1831 978 1893 haud
1006 1831 1096 1893 dubie
1126 1839 1173 1893 est
1201 1831 1314 1894 Galliae
1342 1833 1436 1892 meri·

308 1934 434 1997 dionalis
457 1936 587 2014 species,
616 1952 685 1996 oum
713 1933 764 1994 ubi
792 1933 923 1994 modicas
951 1933 1021 1994 olim
1049 1935 1152 2012 iruges
1180 1942 1210 1994 et
1239 1932 1351 2013 pabula
1371 1935 1439 2012 agri

307 2037 526 2117 produxerant,
556 2034 662 2097 oliveta
684 2037 742 2096 iam
766 2042 796 2095 et
822 2036 925 2096 vineae
949 2033 1046 2096 solum
1068 2041 1227 2104 ornarent,
1257 2053 1326 2096 oum
1350 2034 1435 2104 viles,

308 2139 369 2217 qui·
387 2145 473 2199 antea
499 2155 555 2216 per
582 2153 670 2214 agros
699 2136 828 2215 dispersi
857 2142 942 2197 erant
964 2135 1033 2203 vici,
1061 2136 1093 2196 in
1121 2137 1252 2216 speciem
1282 2136 1438 2214 quandam

309 2238 427 2300 urbium
450 2242 716 2306 commutarentur,
741 2254 844 2298 verum
867 2237 944 2297 sicut
959 2235 1087 2298 Gallicae
1111 2236 1236 2298 braccae
1259 2237 1438 2316 Gallicaque
1533 2235 1536 2240 '

308 2357 377 2416 saga
400 2356 552 2416 nunquam
576 2338 697 2398 Graecis
725 2336 822 2416 palliis
850 2344 1019 2403 cesserunt.
1042 2339 1083 2398 ita
1105 2356 1223 2400 merum
1247 2340 1439 2402 Graecorum

308 2439 406 2501 cultus
435 2447 523 2516 atque
552 2437 743 2498 humanitatis
772 2437 940 2517 exemplum
972 2439 1068 2517 impar
1098 2439 1153 2500 luit
1175 2438 1314 2502 barbaris
1336 2442 1437 2520 geuli-

307 2540 365 2601 hus
388 2538 605 2600 convertendis.
652 2539 729 2600 Tum
751 2538 870 2598 demum
887 2557 955 2600 cum
977 2538 1116 2602 braccata
1131 2540 1224 2602 Gallia
1239 2545 1342 2620 togata
1357 2543 1439 2606 lacta

308 2649 369 2710 cst,
396 2658 463 2700 cum
491 2658 573 2701 arma
601 2640 804 2701 Romanorum
832 2639 951 2720 publiea
972 2640 1176 2703 Romanorum
1203 2643 1342 2706 instituta
1364 2651 1439 2714 sunt

308 2747 425 2810 secuta,
455 2759 492 2801 ex
521 2739 684 2802 seminibus
713 2760 729 2802 a
756 2741 877 2802 Graecis
899 2742 930 2802 in
958 2739 1013 2806 hac
1035 2749 1117 2805 terra
1144 2745 1259 2825 sparsis
1292 2746 1439 2826 perpetui

306 2843 422 2906 fructus
443 2849 608 2923 potuerunt
628 2844 798 2922 provenire.

304 3100 397 3163 pose’er
418 3099 637 3162 irre'gnlidrement
658 3112 690 3146 en
706 3097 812 3160 germai
828 3109 888 3146 sons
905 3097 1021 3156 marrier,
1045 3099 1163 3149 derridre
1185 3101 1270 3168 lequel
1291 3118 1325 3154 on
1344 3110 1437 3156 trouve

305 3198 355 3232 une
373 3183 532 3244 moronnerr'e
556 3183 589 3230 de
610 3183 730 3232 moeltona
753 3186 778 3228 et
801 3182 833 3229 de
855 3181 948 3243 polites
967 3181 1072 3244 pierres
1089 3186 1184 3247 nogeea
1202 3186 1270 3235 dano
1287 3203 1323 3236 ura
1341 3190 1437 3239 ciment

303 3281 355 3331 peu
366 3267 455 3315 solide.
474 3266 538 3314 ‘Ges
553 3279 621 3314 murs
634 3263 797 3314 ressemblent
812 3263 941 3327 beaucoup
953 3279 1008 3312 aum
1020 3267 1108 3315 ruinae
1121 3269 1153 3318 de
1166 3269 1311 3321 l'ouctemre
1323 3275 1384 3322 cille
1403 3275 1437 3323 de

306 3349 414 3412 Satyrus
432 3349 527 3413 uepres
544 3347 641 3404 d'Ar'ae,
665 3354 690 3397 et
711 3361 773 3396 sans
796 3348 871 3396 doute
895 3349 949 3397 leur
972 3351 1068 3413 origine
1091 3357 1131 3400 est
1147 3355 1290 3414 egolement
1306 3360 1436 3420 pantalee.

305 3433 358 3482 Les
375 3435 489 3497 poteries
507 3433 568 3482 dont
587 3447 619 3480 on
637 3439 724 3481 trouve
743 3432 789 3480 dea
801 3430 887 3480 debris
905 3447 935 3480 en
946 3433 1046 3496 prande
1059 3437 1174 3498 quontite'
1186 3446 1245 3486 sont
1263 3443 1346 3490 moins
1358 3457 1437 3505 pros-

304 3517 385 3568 eidres
397 3532 444 3581 qne
462 3519 538 3566 celles
556 3514 742 3567 d'Entremont.
778 3513 905 3564 Ceterum
925 3531 986 3564 cum
1005 3517 1051 3580 qui
1068 3518 1108 3567 ibi
1125 3518 1259 3571 habitant
1273 3525 1435 3589 agricolae,

305 3599 411 3667 pridem
429 3601 596 3664 inceperint,
615 3599 709 3648 horum
722 3615 857 3648 murorum
871 3599 1002 3664 reliquias
1016 3599 1051 3650 ad
1063 3615 1141 3652 suum
1153 3619 1234 3656 usum
1253 3614 1436 3670 convertere,

305 3689 335 3736 iu
352 3684 412 3734 dies
430 3685 634 3734 imminuuntur.
