3154 5162
489 479 575 537 PARS
594 479 626 536 ll.
670 481 776 538 uanr
795 478 825 538 ll.
1158 492 1217 552 155

23 659 24 666 ¹
112 643 235 724 publicae
257 647 386 707 universi
407 647 526 726 imperii
549 648 819 710 administrationis
865 651 902 712 Et
930 653 1073 713 securitas
1096 653 1216 731 quidem

112 748 219 826 imperii
239 748 402 826 flagitabat,
432 757 465 810 ut
486 748 610 810 sublatis
632 752 683 820 iis,
715 768 790 829 quae
819 760 888 814 ante
918 753 1062 814 adiectam
1090 756 1216 834 imperio

111 851 277 927 provinciam
303 851 437 920 inerant,
467 851 639 912 foederibus
672 862 882 932 separarentur
914 857 992 916 inter
1023 873 1055 915 se
1083 856 1217 934 singulae

113 951 237 1022 civitatee,
260 969 337 1030 quae
359 959 460 1015 autem
476 955 537 1016 sive
558 973 651 1014 novae
673 955 821 1018 inirentur
844 958 1002 1018 societates
1024 959 1085 1018 sive
1109 977 1145 1018 ex
1166 977 1215 1018 ve·

112 1059 166 1112 tere
202 1059 276 1116 statu
315 1056 461 1135 privilegii
494 1059 609 1116 ratione
643 1066 906 1128 conservarentur,
944 1077 996 1118 eae
1029 1059 1070 1120 ad,
1098 1061 1216 1139 imperii

23 1157 25 1162 “
112 1173 188 1216 usum
214 1164 475 1227 converterentur3
509 1175 568 1235 quo
601 1157 724 1220 consilio
752 1161 784 1219 in
812 1159 913 1220 Galliis
941 1155 1109 1230 clientelae,
1140 1179 1216 1239 quae

111 1257 178 1318 inter
209 1261 337 1320 maiores
370 1261 562 1337 minoresque
595 1261 727 1321 civitates
760 1263 1008 1332 intercesserant,
1044 1270 1114 1323 sunt
1146 1264 1215 1325 sub-

111 1357 188 1428 latae,
216 1345 321 1422 novam
350 1380 419 1422 vero
449 1363 620 1423 societatem
647 1364 724 1422 inire
754 1381 814 1424 non
841 1363 899 1424 nisi
927 1381 1082 1425 sacrorum
1110 1366 1215 1427 domus

113 1460 246 1538 Augustae
269 1481 373 1526 caussa
400 1463 564 1525 videbimus
592 1483 657 1526 esse
684 1466 873 1544 permissum.
918 1466 1021 1543 Neque
1048 1469 1146 1528 minus
1168 1486 1214 1528 se·

113 1565 229 1626 curitatis
264 1567 384 1645 imperii
420 1583 523 1628 caussa
555 1567 661 1636 fiebat,
700 1573 733 1628 ut
770 1584 828 1644 qno
866 1584 1001 1647 quaeque
1037 1570 1138 1630 civitas
1167 1589 1214 1630 re-

110 1683 171 1726 cens
191 1668 324 1730 subiecta
345 1667 481 1728 hostilior
503 1669 601 1730 iuerat
630 1677 660 1730 et
681 1667 894 1748 periculosior,
920 1687 955 1729 eo
979 1673 1089 1733 arctius
1112 1661 1239 1732 simul?

110 1783 159 1844 que
180 1773 310 1832 severius
332 1772 424 1850 ipsius
439 1773 567 1832 rectoris
582 1772 751 1850 provinciae
766 1772 892 1850 imperio
908 1777 1063 1834 teneretur
1078 1773 1214 1843 obnoxia,

109 1887 157 1928 nec
176 1873 230 1932 nisi
252 1891 329 1952 quae
345 1891 469 1951 prorsus
483 1879 605 1952 pacatae
621 1880 706 1934 erant
727 1875 874 1942 civitates,
898 1872 1035 1934 libertate
1050 1875 1216 1952 gauderent

23 2013 24 2016 ,
109 1972 161 2032 suis
180 1973 294 2052 legibus
317 1975 435 2044 utendi,
460 1993 529 2036 suas
552 1994 601 2036 res
623 1994 678 2055 per
701 1977 840 2054 proprios
868 1977 1059 2052 magistratus
1088 1977 1213 2064 adminiss

23 2093 24 2096 ¹
109 2075 222 2144 strandi;
260 2095 319 2154 qua
346 2079 410 2156 ipsa
437 2079 553 2138 ratione
582 2078 722 2138 etiectum
757 2085 802 2138 est
830 2077 989 2137 discrimen
1016 2077 1103 2147 illud,
1135 2079 1214 2155 quod

23 2221 25 2250 ζ
107 2174 237 2238 intererat
257 2181 338 2239 inter
361 2165 493 2240 civitates
515 2179 723 2260 stipendiarias
746 2185 775 2239 et
789 2181 869 2240 varia
885 2178 1017 2240 melioris
1033 2179 1215 2241 condicionis

23 2317 24 2320 ,
109 2279 212 2356 oppida.
245 2281 383 2343 Secundo
405 2280 471 2342 loco
494 2280 642 2359 flagitabat
666 2288 694 2342 et
715 2282 834 2361 imperii
856 2283 1001 2342 securitas
1017 2291 1046 2343 et
1061 2284 1213 2344 nationum

23 2429 25 2440 ,
106 2379 211 2458 imperii
233 2383 402 2453 diversitas,
428 2391 460 2444 ut
482 2384 593 2462 gradus
615 2390 715 2445 essent
730 2384 792 2444 sive
814 2385 888 2446 iuris
904 2384 965 2444 sive
987 2385 1064 2445 meri
1081 2383 1213 2456 honoris

107 2481 175 2542 unde
191 2491 219 2545 et
230 2494 332 2546 vetera
349 2487 454 2546 merita
466 2488 578 2548 maiora
593 2488 725 2566 praemia
739 2485 952 2567 privilegiaque
970 2493 1170 2564 sequerentur
1186 2494 1216 2548 et

106 2585 252 2648 aemulatio
275 2588 475 2649 intercederet
500 2589 678 2668 oppidorum
700 2590 780 2649 inter
797 2607 838 2657 se,
863 2606 921 2666 qua
938 2606 1013 2666 quae
1030 2588 1163 2651 nondum
1178 2590 1214 2651 ad

107 2688 237 2763 optimum
260 2691 309 2750 ius
331 2697 543 2769 pervenerant,
567 2690 644 2751 bene
673 2689 710 2750 de
733 2691 858 2770 imperio
881 2693 1026 2751 merentia
1048 2694 1214 2771 praemium

23 2861 24 2866 ἵ
106 2787 224 2850 melioris
253 2793 328 2853 iuris
357 2792 512 2853 studerent
541 2794 711 2872 acquirere;
749 2798 837 2871 atque
864 2793 999 2871 ipsorum
1028 2793 1214 2881 srrbditorum

23 2931 25 2968 ,⁴
105 2892 172 2950 ratio
188 2892 357 2971 flagitabat,
381 2901 415 2954 ut
437 2911 513 2972 quae
541 2901 645 2972 gentes
673 2895 850 2955 remotiores
879 2901 964 2954 erant
992 2913 1008 2954 a
1035 2893 1214 2956 dominantis

105 2994 196 3071 populi
211 2995 346 3057 moribus
362 3003 450 3075 atque
466 2997 622 3066 institutis
640 2994 792 3075 paullatim
808 3002 1061 3074 praepararentur
1075 2995 1112 3055 ad
1129 3015 1213 3057 exer-

105 3087 188 3156 cenda
210 3116 259 3168 ea,
285 3115 360 3175 quae
383 3117 450 3159 cum
474 3100 586 3178 optimo
607 3101 674 3159 iure
696 3099 854 3158 coniuncta
877 3103 962 3156 erant
983 3097 1129 3158 instituta:
1155 3114 1213 3174 quc

23 3177 25 3268 ξ
105 3196 218 3259 consilio
237 3177 344 3269 liobat,
370 3202 475 3277 utqui
499 3219 534 3260 ex
558 3184 706 3261 deditione
734 3199 995 3279 stipendiariorum
1023 3200 1088 3260 iure
1120 3206 1212 3269 erant,

23 3323 25 3372 i
104 3299 225 3375 primum
247 3301 367 3380 linguae
390 3301 511 3364 Latinae
535 3321 591 3364 usn
615 3309 644 3362 et
667 3303 747 3363 omni
768 3300 958 3380 provincialis
980 3303 1100 3380 imperii
1123 3321 1212 3382 appa·
1247 3325 1250 3332 ·

23 3409 25 3480 ζ
104 3405 177 3470 ratu,
206 3405 254 3463 cui
282 3402 408 3464 subiecti
431 3411 531 3475 erant,
557 3412 586 3464 et
615 3403 751 3484 exemplo
780 3402 963 3464 coloniarum
991 3405 1155 3465 vicinarum
1178 3403 1213 3464 ad

23 3567 24 3570 Ἴ
103 3499 283 3577 latinitatem,
307 3512 411 3584 postea
426 3508 492 3568 iure
507 3505 581 3566 Latii
597 3506 633 3566 ad
649 3507 768 3585 plenam
790 3507 937 3567 civitatem
952 3512 1212 3585 praepararentur.

103 3602 141 3663 th
162 3605 252 3669 altera
275 3615 374 3669 autem
397 3615 482 3687 parte
505 3608 585 3686 quod
606 3611 695 3669 tertio
717 3607 783 3668 loco
803 3609 959 3688 posuimus
975 3606 1145 3685 aequandae
1160 3627 1215 3688 per

23 3771 25 3796 ,
104 3721 183 3768 omne
215 3711 376 3790 imperium
411 3710 673 3771 administrationis
710 3710 841 3771 studium
881 3709 1002 3770 modum
1043 3709 1216 3789 imponebat

23 3885 25 3896 ‚
104 3810 228 3871 ruietati
250 3811 294 3872 illi
317 3819 347 3872 et
368 3811 515 3890 graduum
537 3811 636 3872 ordini
653 3818 682 3871 et
697 3811 733 3872 ad
749 3809 839 3873 unam
853 3814 929 3872 iuris
943 3813 1090 3873 rationem
1110 3830 1214 3872 omnes

23 3903 25 3918 ³
102 3915 193 3986 partes
215 3912 358 3974 tendebat
380 3913 537 3974 adducere.
570 3913 655 3986 Quod
678 3915 797 3976 unitatis
821 3921 851 3974 et
872 3912 1065 3992 simplicitatis
1083 3912 1214 3974 studium

23 4063 24 4096 ζ
102 4008 304 4090 imperatoriae
340 4016 443 4076 aetatis
477 4023 541 4076 erat
572 4017 744 4095 proprium,
776 4024 865 4093 atque
894 4015 1008 4076 etiamsi
1041 4032 1100 4074 non
1134 4014 1214 4073 omni

23 4113 24 4170 ἶ
102 4116 230 4193 tempore
261 4116 367 4177 eodem
395 4118 484 4178 modo
514 4118 617 4179 efficax
641 4124 718 4187 erat,
747 4123 847 4179 tamen
876 4123 906 4176 et
927 4135 943 4176 a
964 4117 1061 4196 primo
1083 4117 1211 4192 impera·

23 4271 24 4274 ,
101 4217 160 4274 tore
181 4216 294 4280 diserte
317 4221 501 4280 enuntiatum
522 4225 621 4280 estet
643 4238 658 4280 a
683 4218 906 4279 successoribus
930 4205 993 4278 eius
1020 4218 1051 4275 in
1082 4215 1214 4292 singulas

100 4315 212 4395 imperii
234 4327 337 4400 partes
360 4323 563 4383 continuatum
587 4328 654 4383 eta
677 4321 759 4380 tertii
787 4317 898 4381 saeculi
919 4315 1149 4397 imperatoribus
1177 4316 1212 4378 ad

101 4414 183 4480 duem
210 4421 400 4504 perductum.
446 4424 554 4487 Extare
583 4429 682 4487 autem
711 4423 809 4505 coepit
835 4420 865 4482 id
894 4418 1065 4489 consilium,
1095 4437 1131 4480 ex
1154 4431 1216 4504 quo'
