3148 5160
342 462 402 525 178
538 429 542 438 ’
748 459 833 516 runs
854 460 886 518 u.
929 457 1036 514 crrvr
1059 458 1088 514 u.

342 626 473 705 obligant
496 626 571 706 (app.
596 644 625 687 n.
651 622 697 704 1),
726 627 858 704 itemque
886 627 912 686 si
940 624 1151 688 Narbonenses
1178 623 1317 684 dicuntur
1345 622 1464 703 publice

341 727 541 790 taurobolium
564 729 672 788 iecisse
697 726 737 805 (n.
756 727 816 808 12),
841 727 939 788 coloni
960 726 1135 804 incolaeque
1158 727 1337 788 eonomine
1360 725 1462 787 viden·

340 837 391 891 tur
414 829 636 909 comprehendi.
675 829 787 890 Deinde
810 831 835 890 si
856 829 945 890 iidem
968 828 1176 890 Narbonenses
1198 834 1310 889 statuas
1330 828 1463 906 impera·

339 932 456 993 toribus
477 939 595 1013 ponunt
618 929 681 1007 (nn.
707 936 735 998 8.
761 927 805 1008 9),
830 947 929 1008 neque
951 930 1061 992 diserte
1087 931 1224 1010 posuisse
1246 929 1388 991 dicuntur
1411 929 1462 990 de·

340 1035 459 1094 cumani
480 1033 691 1096 Narbonenses
707 1033 745 1109 (5.
764 1037 792 1099 6.
812 1030 877 1112 10),
900 1034 971 1092 item
988 1030 1086 1092 coloni
1099 1031 1274 1108 incolaeque
1291 1038 1362 1092 sunt
1375 1031 1462 1092 intel-

340 1134 467 1212 legendi.
513 1136 591 1196 'lum
624 1137 650 1196 si
682 1137 750 1214 quis
783 1133 926 1196 beneficia
959 1135 1007 1194 cui
1041 1134 1150 1194 civitati
1183 1135 1314 1202 confert,
1349 1133 1463 1194 incolas

339 1255 459 1317 quoque
482 1236 589 1298 borum
613 1236 747 1298 videmus
770 1254 837 1298 esse
860 1237 1020 1315 participes
1036 1235 1113 1316 (87);
1137 1235 1209 1314 quin
1232 1236 1320 1296 etiem
1342 1237 1373 1296 in
1396 1237 1463 1314 qui·

339 1338 465 1400 busdam
487 1341 606 1418 imperii
629 1338 744 1418 oppidis
766 1357 804 1399 ne
827 1337 1003 1399 adventores
1025 1336 1144 1417 quidem
1174 1344 1203 1397 et
1224 1336 1359 1416 hospites
1382 1339 1462 1398 eius-

339 1440 420 1500 modi
448 1440 662 1502 beneficiorum
691 1448 761 1502 suot
791 1447 938 1519 expertes.
985 1439 1093 1500 Contra
1122 1440 1147 1500 si
1176 1440 1272 1517 agitur
1301 1437 1339 1498 de
1367 1437 1464 1498 hono·

340 1541 435 1603 rando
459 1550 584 1622 patrono
608 1543 734 1603 civitatis
758 1542 856 1624 (330),
881 1540 938 1602 soli
959 1542 1126 1620 municipes
1150 1559 1217 1602 eum
1240 1540 1387 1602 honorem
1409 1540 1462 1600 de.-

252 1670 255 1676 ·
340 1650 477 1705 cernunt.
523 1644 608 1706 Unde
631 1643 846 1714 concludimus
870 1642 1041 1723 ubicunque
1063 1641 1166 1722 populi
1187 1641 1463 1720 nominelegitime

339 1743 449 1823 aliquid
473 1743 721 1822 erumpendum,
751 1747 830 1806 cives
858 1750 973 1805 tentum
1002 1745 1062 1804 sive
1085 1746 1251 1824 municipes
1273 1743 1377 1824 populi
1400 1747 1464 1804 vice

255 1893 259 1901 s
339 1848 437 1924 egisse
461 1855 491 1907 et
512 1848 638 1908 civitatis
665 1849 730 1908 iore
754 1848 939 1917 exercuisse,
968 1847 998 1907 in
1026 1845 1150 1923 reliquis
1177 1853 1277 1908 autem
1299 1845 1392 1906 rebus
1414 1847 1461 1906 in·

339 1948 420 2010 colas
443 1964 562 2025 quoque
585 1964 680 2025 aequo
703 1950 768 2009 inre
791 1955 880 2025 atque
903 1949 983 2008 cives
1000 1965 1067 2008 esse
1082 1953 1276 2027 computatos.
1324 1947 1356 2008 ln
1371 1949 1463 2010 iuris·

262 2061 266 2069 '
338 2051 466 2111 dictione
493 2049 600 2110 deinde
626 2055 751 2119 constat,
780 2067 816 2110 ex
838 2049 904 2109 loro
927 2048 1068 2109 domicilii
1089 2047 1214 2110 incolam
1236 2049 1464 2128 magistratibus

339 2153 402 2212 eius
417 2151 488 2221 loci,
513 2168 602 2229 quern
619 2151 782 2221 incolebat,
806 2151 945 2212 debuisse
962 2168 1087 2230 parere;
1111 2150 1246 2230 exempla
1264 2169 1336 2212 vero
1354 2159 1463 2216 umora

338 2254 397 2314 fert
419 2260 452 2313 ut
474 2253 588 2332 lapides
615 2252 705 2313 huius
732 2254 776 2313 rei
805 2271 865 2313 non
893 2251 1093 2332 suppeditent.
1138 2253 1242 2333 Neque
1264 2255 1365 2314 minus
1389 2273 1462 2316 con·

338 2362 395 2416 stat
417 2355 577 2432 iungendis
599 2354 765 2416 honoribus
788 2361 818 2414 et
838 2353 1014 2414 muneribus
1028 2353 1258 2433 municipalibus
1278 2373 1340 2415 non
1364 2354 1463 2416 solum

338 2457 505 2534 municipes
527 2455 580 2517 sed
602 2455 715 2516 incolas
738 2473 856 2534 quoque
880 2474 948 2516 esse
970 2455 1128 2516 adstrictos
1152 2462 1182 2514 et
1203 2455 1238 2516 ad
1259 2457 1464 2518 confirmanda
1545 2477 1549 2483 ·

338 2576 381 2627 ea,
406 2575 482 2634 quae
504 2558 602 2619 fontes
624 2559 698 2618 iuris
720 2557 846 2618 Romani
868 2557 905 2617 de
928 2555 983 2618 boc
1005 2574 1039 2616 re
1062 2553 1248 2636 statuunt),
1271 2566 1393 2637 praesto
1418 2566 1465 2619 est

338 2656 507 2738 exemplum
531 2658 598 2719 Sex.
625 2659 726 2719 Veneii
747 2659 926 2728 luventiani,
956 2658 1007 2735 qui
1036 2657 1144 2719 dicitur
1172 2661 1318 2721 incolatus
1343 2665 1464 2722 nomine

337 2763 474 2822 adlectus
502 2765 532 2820 tn
561 2763 677 2822 curione
706 2761 970 2836 Lupodunensium
999 2759 1080 2839 (epp.
1110 2779 1139 2820 n.
1170 2759 1262 2839 453),
1292 2762 1462 2841 eodemque

336 2862 483 2924 incolatus
513 2865 634 2924 nomine
662 2843 828 2923 bonoribus
850 2860 1050 2939 iungebantur
1073 2863 1218 2934 Viennae,
1247 2865 1333 2924 cuius
1362 2865 1462 2926 tribus

338 2971 402 3024 eret
430 2962 572 3035 Voltinia,
603 2967 633 3025 C.
658 2963 808 3042 Aquilios,
840 2964 870 3024 C.
894 2964 931 3032 t,
960 2964 1133 3038 Pomptino,
1163 2963 1270 3025 Valens
1293 2964 1393 3046 (503),
1426 2967 1458 3028 L.

336 3064 507 3135 Lil.....,
537 3066 605 3126 Sex.
636 3066 675 3134 t,
705 3065 842 3133 Aniensi,
871 3063 968 3124 Laena
999 3063 1109 3143 (515),
1138 3067 1172 3126 Τ.
1201 3064 1311 3135 lulius,
1341 3067 1377 3128 T.
1407 3069 1459 3138 fit,

337 3167 490 3234 Cornelio,
520 3165 694 3228 Valerianus
717 3165 861 3228 oriundus
890 3183 906 3224 e
929 3164 1044 3226 colonia
1072 3167 1212 3246 Equestri
1235 3165 1345 3250 (590);
1375 3169 1460 3230 Reiis

334 3264 563 3345 Apollinaribus,
588 3284 716 3344 quorum
738 3269 809 3328 item
832 3267 928 3328 tribus
951 3275 1014 3328 erat
1036 3266 1170 3340 Velunia,
1195 3269 1346 3340 Severius,
1370 3271 1407 3332 ll.
1427 3272 1457 3340 s,

335 3369 446 3436 Fadio,
470 3368 570 3428 Viator
595 3368 687 3446 (357).

419 3471 556 3530 Attamen
583 3487 681 3548 neque
710 3471 746 3532 ab
774 3472 858 3532 initio
886 3471 916 3532 id
943 3479 1009 3534 erat
1035 3473 1203 3534 institutum
1232 3489 1330 3550 neque
1353 3480 1457 3552 postea

335 3587 430 3648 aequo
464 3571 525 3631 sive
559 3573 625 3632 iure
661 3574 721 3634 sive
757 3591 849 3633 onere
882 3572 996 3634 incolae
1029 3573 1205 3635 muneribus
1238 3574 1454 3654 iungebantur:

334 3672 425 3731 immo
448 3673 474 3732 si
495 3671 635 3749 legimus
666 3674 808 3750 quasdam
840 3675 971 3736 colonias
994 3675 1139 3736 beneficio
1161 3678 1378 3756 imperatorum
1401 3679 1455 3738 im·

401 3893 444 3958 67)
464 3895 496 3944 L.
515 3895 548 3944 29
567 3892 602 3943 ad
613 3878 735 3943 munio:
753 3894 845 3946 Incola
862 3903 889 3945 et
904 3895 943 3946 lais
960 3896 1149 3962 naopistrutibue
1163 3913 1262 3962 parere
1279 3899 1368 3958 debet,
1386 3898 1459 3964 opud

333 3993 395 4043 quos
407 3981 489 4028 incola
502 3983 540 4027 est
555 3986 579 4026 et
593 3980 643 4027 illis
658 3980 728 4042 opud
742 3995 804 4043 quos
816 3981 876 4030 ciues
890 3987 942 4042 est,
960 3988 1111 4032 nectentem
1123 3983 1270 4046 municipali
1285 3985 1460 4034 iurisdictione·

331 4065 357 4112 io
374 4071 482 4127 utroque
495 4063 628 4126 municipio
642 4063 769 4113 subiectus
785 4071 836 4123 est,
858 4081 942 4114 oeream
964 4067 1039 4115 eliam
1056 4067 1167 4117 omnibus
1186 4067 1297 4129 puhlicis
1314 4069 1458 4119 muneribus

310 4135 313 4141 ’
328 4147 404 4210 saepi
415 4146 499 4196 debet.
536 4145 639 4195 Contra
658 4151 769 4196 cautum
788 4152 838 4209 est,
857 4164 892 4198 ne
911 4148 1006 4201 eodem
1023 4155 1146 4215 tempore
1164 4150 1283 4202 honores
1301 4153 1332 4202 in
1350 4152 1459 4202 duabus

332 4230 494 4280 civitatibus
517 4235 680 4296 gererentur
702 4236 730 4281 et
754 4235 901 4294 statutum,
925 4238 955 4282 ut
978 4237 1001 4284 si
1020 4233 1102 4284 simul
1123 4234 1271 4301 utrubique
1298 4237 1458 4288 conferren-

331 4317 388 4373 tur,
407 4315 497 4378 potior
516 4320 592 4366 esset
610 4317 725 4381 originis
744 4331 851 4369 caussa.
880 4318 913 4370 L.
932 4321 963 4368 17
982 4321 1006 4380 ξ.
1024 4321 1041 4368 4
1059 4318 1094 4369 ad
1112 4320 1213 4369 munic.
1233 4347 1266 4359 —
1291 4321 1351 4376 Cfr,
1370 4323 1458 4373 etiam

333 4411 395 4462 app.
415 4415 440 4447 n.
459 4400 518 4450 296.
