3154 5162
535 473 619 531 PARS
642 475 661 530 l.
706 474 814 530 CAPVT
837 474 866 530 ll.
1216 479 1256 541 87

129 639 246 702 diserte
268 638 376 701 lulium
398 641 574 710 Paternum,
605 659 725 719 semper
753 659 789 702 ex
819 641 885 701 aliis
908 644 1091 726 argumentis
1118 661 1183 704 esse
1206 661 1255 704 cn·

129 740 350 821 gnosoendum,
375 742 445 819 quid
469 741 524 804 sub
547 742 603 803 bac
625 742 692 804 iulii
715 743 955 804 denominatione
978 741 1076 805 lateat.
1121 744 1256 822 Denique

129 847 160 908 si
182 843 262 923 quod
286 842 428 924 oppidum
451 843 560 906 dicitur
582 843 690 906 Iulium
704 847 882 924 Augustum,
904 846 994 906 modo
1015 845 1179 916 indicatur,
1207 865 1254 908 ra·

129 949 248 1008 tionem
270 945 406 1007 coloniae
427 945 567 1007 habuisse
596 955 626 1009 et
647 948 752 1010 Divum
773 947 880 1009 Iulium
911 953 941 1008 et
961 949 1140 1026 Augustum,
1170 951 1255 1010 ouius

129 1049 180 1110 rei
202 1047 338 1127 exempla
365 1048 480 1126 profert
505 1047 650 1127 Borghesi
671 1050 826 1110 Perusiam
856 1058 886 1110 et
908 1051 1125 1120 Beneventum,
1155 1052 1253 1120 modo,

128 1150 163 1210 id
187 1149 268 1227 quod
289 1148 435 1229 probatur
457 1149 594 1230 exemplo
617 1150 750 1212 coloniae
765 1154 915 1232 Augustae
938 1150 1029 1213 Iuliae
1044 1150 1254 1231 Philippensis,

130 1251 253 1312 duobus
274 1249 333 1312 illis
355 1251 526 1313 nominibus
548 1250 629 1312 solus
651 1253 834 1330 significatur
856 1254 887 1315 C.
911 1252 1004 1314 lulius
1026 1253 1133 1316 Caesar
1155 1256 1254 1333 Augu-

130 1360 210 1422 stus,
233 1353 420 1414 diiudicanda
443 1361 543 1415 autem
564 1363 635 1416 sunt
657 1356 722 1416 eius
744 1355 825 1416 modi
844 1372 964 1432 quoque
979 1355 1115 1435 exempla
1138 1375 1174 1416 ex
1190 1356 1255 1417 aliis

130 1457 318 1534 argumentis
346 1473 435 1533 quam
465 1475 501 1516 ex
529 1441 634 1518 meris¹
650 1458 883 1536 cognominibus.
931 1457 1014 1528 Quae
1028 1460 1069 1518 ·si
1097 1457 1133 1519 ad
1155 1460 1254 1535 Aquas

130 1557 251 1618 Sextias
273 1556 457 1629 adhibemus,
481 1577 537 1638 pro
560 1559 706 1620 eiusmodi
721 1565 896 1636 argumento
911 1559 997 1620 nobis
1020 1568 1078 1630 est,
1103 1560 1197 1638 quod,
1221 1567 1255 1621 ut

127 1661 193 1720 iam
209 1658 410 1731 iudicavimus,
433 1662 585 1740 Aquarum
601 1661 768 1723 Sentiacum
791 1661 925 1722 condicio
948 1680 1042 1741 aeque
1064 1681 1098 1722 ac
1113 1663 1254 1726 Nemausi

130 1768 164 1822 et
187 1759 363 1822 Cabelhonis
385 1765 551 1840 arctissime
578 1765 678 1825 iuncta
709 1769 773 1824 erat
800 1782 868 1824 cum
894 1763 986 1824 rebus
1008 1763 1250 1834 Massiliensibus,

129 1863 170 1924 de
194 1861 303 1940 quibus
325 1864 415 1926 Divus
437 1863 530 1926 lulius
552 1865 693 1935 decrevit,
718 1884 778 1926 nou
793 1868 954 1943 Augustus,
976 1864 1067 1943 idque
1089 1873 1149 1927 tam
1164 1884 1253 1943 grave

127 1964 222 2027 nobis
249 1973 296 2026 est
322 1975 546 2044 argumentum,
575 1975 609 2029 ut
635 1967 825 2028 statuendum
853 1967 1023 2036 credamus,
1056 1984 1252 2044 quaecunque

126 2067 199 2130 loca
226 2069 257 2128 in
283 2066 512 2132 Massiliensium
541 2071 693 2131 territorio
720 2069 790 2130 on
824 2070 879 2130 sita
907 2070 985 2129 inter
1013 2067 1115 2130 Latina
1143 2069 1252 2148 oppida

127 2168 247 2231 Plinius
275 2178 427 2240 recenset,
457 2189 561 2232 eorum
589 2171 764 2232 latinitatem
800 2169 995 2250 repetendam
1028 2188 1094 2230 esse
1127 2188 1142 2230 a
1176 2169 1251 2231 lulio

128 2270 260 2332 Caesare
283 2271 436 2342 dictatore,
461 2274 529 2350 quia
551 2273 614 2333 fieri
638 2291 698 2333 non
720 2273 826 2352 potuit,
850 2274 922 2352 quin
945 2273 996 2349 qui
1019 2279 1102 2332 vetus
1123 2273 1171 2333 ius
1185 2291 1251 2334 mu-

127 2374 212 2442 tavit,
236 2373 341 2434 eodem
362 2382 499 2453 tempore
522 2391 631 2436 novum
653 2377 700 2436 ius
722 2373 883 2442 tribuerem
907 2375 938 2434 iu
960 2390 1019 2451 quo
1041 2383 1252 2436 numerosum

125 2473 324 2553 Antipolis
353 2494 369 2535 c
392 2475 515 2537 coloniis
538 2476 674 2547 Graecis,
704 2477 841 2538 Arenio
871 2495 906 2536 ex
935 2473 1153 2553 antiquioribus
1174 2475 1250 2538 Mas·

127 2574 216 2638 sillae
237 2577 478 2655 possessionibus
499 2576 628 2648 Gallicis,
650 2577 739 2640 Alba
760 2577 991 2646 Helviorum,
1016 2576 1168 2638 Clanum
1191 2575 1250 2638 Li-

125 2679 195 2748 vii,
225 2678 491 2750 Caenicenses,
530 2679 694 2741 Anatilia
730 2699 765 2740 ex
799 2696 870 2757 agro
903 2678 1089 2740 aRomanis
1123 2678 1248 2739 adiecto.

127 2780 249 2852 Quibus
271 2780 387 2842 accedit
414 2781 551 2842 Forum
571 2777 745 2851 Voconii,
775 2780 855 2858 quod
877 2797 972 2857 aeque
994 2798 1028 2841 ac
1050 2779 1162 2840 Forum
1184 2779 1251 2840 lulii

124 2885 191 2944 iam
214 2901 292 2944 anuo
314 2887 355 2950 43
378 2889 630 2959 commemoratur
657 2884 688 2942 in
715 2882 824 2943 litteris
847 2901 862 2942 a
885 2881 993 2942 Planco
1016 2879 1053 2940 ad
1075 2880 1250 2941 Ciceronem

125 2979 263 3062 datis.³⁵)
307 2985 387 3062 Ergo
408 2987 492 3065 ipsae
513 2986 614 3062 Aquae
637 2984 755 3044 Sextiae
777 2984 803 3042 si
826 2989 855 3044 et
876 2982 967 3043 iuliae
990 2981 1128 3042 dicuntur
1151 2988 1180 3042 et
1201 2980 1249 3041 lu·

124 3086 188 3146 liae
211 3086 368 3164 Augustae,
394 3106 409 3147 a
432 3087 505 3149 Divo
528 3084 604 3147 lulio
626 3084 754 3145 donatae
777 3092 848 3146 sunt
868 3087 934 3146 iure
957 3082 1040 3152 Latii,
1065 3082 1101 3143 ab
1118 3085 1249 3160 Augusto

126 3194 236 3249 auctae
258 3187 431 3250 commodis.
478 3188 539 3250 lam
567 3204 638 3247 vero
660 3188 758 3267 possis
781 3186 894 3255 dicere,
925 3185 1004 3263 quod
1026 3184 1192 3246 Nemausus
1221 3192 1251 3246 et

126 3288 271 3360 Cabelho,
296 3289 484 3369 respublicae
500 3308 516 3350 a
532 3290 658 3351 Caesare
681 3287 825 3349 dictatore
848 3289 1035 3356 constitutae,
1057 3287 1249 3366 propriorum

124 3409 322 3452 nummorum
343 3393 391 3453 ius
412 3390 586 3461 habuerint,
615 3392 765 3470 Aquarum
789 3396 888 3451 autem
911 3389 1093 3458 Sextiarum,
1123 3390 1247 3450 Arenio-

124 3494 194 3562 nis,
217 3491 308 3554 Albae
330 3492 519 3563 Helviorum,
553 3493 624 3554 Pori
646 3493 769 3553 Voconii
798 3490 872 3552 nulli
901 3498 1002 3576 extent
1024 3491 1152 3561 nummi,
1179 3491 1249 3552 inde

125 3611 200 3655 esse
221 3593 474 3665 concludendum,
497 3594 570 3655 haec
587 3592 696 3674 oppida
717 3593 893 3655 latinitatem
912 3613 947 3654 eo
970 3592 1090 3653 demum
1114 3598 1249 3672 tempore

124 3695 297 3773 accepisse,
321 3687 537 3775 quo'proprios
555 3714 693 3758 nummos
711 3697 829 3774 signare
846 3694 1001 3757 desierunt
1017 3694 1126 3774 oppida
1145 3693 1248 3756 Latina

123 3798 193 3857 sive
214 3805 283 3875 post
304 3815 415 3857 annum
437 3816 463 3857 a.
489 3797 541 3858 Cb.
565 3803 616 3864 23.
660 3798 698 3858 At
720 3799 836 3858 etiamsi
863 3796 1008 3867 concedo,
1038 3809 1099 3857 non
1125 3796 1248 3856 fortuito

123 3915 202 3959 casu
216 3898 326 3960 lactum
343 3917 419 3968 esse,
438 3904 471 3959 ut
485 3900 599 3960 nummi
613 3899 779 3976 Aquenses,
797 3899 976 3960 Avenienses
993 3904 1048 3958 etc.
1066 3897 1103 3958 ad
1118 3915 1173 3957 nos
1187 3915 1247 3956 nou

122 4002 336 4082 pervenerint,
359 4000 429 4060 inde
443 4001 614 4062 necessario
627 3998 700 4060 illud
721 3999 959 4062 concludendum
975 4016 1040 4061 esse
1063 4015 1156 4076 nego;
1178 4015 1246 4058 nam

123 4100 210 4181 quod
233 4119 408 4163 concessum
431 4121 447 4162 a
475 4101 601 4164 Caesare
624 4101 774 4163 habebant
802 4102 937 4161 civitates
959 4100 1080 4162 Latinae
1107 4100 1247 4179 proprios

121 4221 267 4266 nummos
283 4204 420 4282 signandi
434 4205 490 4275 ius,
506 4204 537 4264 id
552 4222 611 4265 non
628 4209 746 4264 coactae
763 4208 832 4263 sunt
847 4219 997 4270 exercere,
1015 4208 1104 4279 atque
1120 4217 1155 4260 ex
1171 4200 1247 4261 mira

194 4421 240 4488 35)
260 4421 319 4474 Cic.
339 4421 375 4472 ad
392 4421 480 4472 famil.
500 4423 540 4483 10,
559 4424 601 4473 tt.
631 4422 681 4472 eir.
700 4435 784 4488 supra
801 4424 857 4472 not.
877 4421 941 4474 l'la.
