3154 5162
323 468 383 530 136
710 463 793 519 PARS
816 462 845 518 ll.
890 461 996 519 GAPVT
1019 463 1037 518 l.

320 633 425 698 tribuit
452 631 577 701 Plinius,
605 632 731 709 Augusti
759 637 854 692 aetate
882 649 937 690 suo
964 631 1030 692 iure
1058 649 1128 692 usos
1156 649 1223 692 esse
1250 630 1357 702 credo,
1387 631 1441 692 sed

321 735 370 799 alii
392 733 502 814 oppido
530 732 715 795 contributos
741 733 803 794 sive
831 731 974 794 Anatiliae
1003 733 1064 794 sive
1090 731 1215 802 Arelati,
1243 750 1341 811 neque
1369 752 1441 794 vero

321 835 483 905 Massiliam
508 853 576 896 nam
599 833 728 895 alienum
750 839 815 895 erat
836 852 852 894 a
875 833 999 894 consilio
1022 853 1141 904 eorum,
1164 836 1216 914 qui
1237 841 1347 896 statum
1370 853 1441 913 pro·

321 941 433 1000 vinciae
455 943 624 1006 mutarunt,
648 934 747 998 Gallos
774 937 884 998 iterum
907 936 1029 998 Graecis
1056 933 1195 998 subdere.
1240 936 1348 998 Postea
1370 954 1442 996 vero

320 1043 361 1102 ita
383 1046 527 1102 mutatum
557 1057 623 1100 esse
653 1045 762 1100 statum
784 1037 948 1100 Maritimae
976 1045 1010 1098 ut
1024 1037 1153 1099 colonia
1182 1045 1276 1106 esset,
1305 1038 1442 1099 uidemus

322 1148 352 1203 et
375 1159 411 1202 ex
434 1140 603 1202 Ptolemaeo
633 1147 662 1201 et
684 1159 719 1201 ex
742 1138 914 1218 geographo
936 1139 1107 1202 Rauennate
1129 1140 1174 1220 (p.
1197 1139 1284 1217 244).
1332 1139 1442 1201 Contra

321 1231 357 1305 ab
381 1241 474 1303 altera
496 1249 580 1322 parte
602 1241 763 1312 Massiliae,
787 1237 885 1321 quoad
908 1258 1004 1319 neque
1026 1241 1232 1321 indigenarum
1261 1249 1361 1318 neque
1390 1260 1441 1302 co·

320 1345 418 1406 ioniae
440 1361 550 1406 nomen
572 1344 704 1404 occurrit
725 1344 787 1404 sive
808 1360 904 1421 usque
920 1343 955 1403 ad
970 1343 1177 1423 Athenopolim
1198 1349 1228 1404 et
1242 1344 1341 1426 sinum
1357 1343 1441 1403 Sam·

321 1447 506 1508 bracitanum
529 1445 627 1528 (Golse
648 1445 686 1505 de
709 1444 882 1522 Grimoud),
906 1451 988 1506 oram
1013 1447 1183 1506 continuam
1206 1444 1312 1505 Graeci
1336 1451 1442 1505 tenue·

322 1555 407 1617 runt,
431 1549 451 1609 i.
475 1566 499 1608 e.
525 1553 645 1625 praeter
667 1545 876 1626 Athenopolim
899 1545 963 1606 loca
985 1547 1130 1607 itinerarii
1152 1546 1292 1607 maritimi
1316 1546 1355 1626 (p.
1380 1551 1443 1613 505

325 1649 436 1729 -507)
453 1647 630 1717 Immadrae,
655 1654 776 1726 portum
791 1648 944 1716 Aemines,
969 1646 1172 1718 citharistam,
1196 1647 1344 1716 Carsicas,
1362 1647 1441 1708 Tau·

323 1755 476 1818 ruentum,
504 1749 649 1810 Telonem
678 1749 831 1818 Martium,
860 1749 1091 1828 Pomponianas,
1127 1748 1259 1818 Olbiam,
1287 1747 1441 1819 Alconem,

321 1850 487 1914 lleracliam
510 1850 733 1920 Caccabariam,
765 1869 892 1930 quarum
921 1851 1081 1911 elationum
1110 1851 1184 1911 silus
1212 1850 1363 1928 quomodo
1386 1849 1442 1910 ho·
1554 1905 1555 1908 ,

321 1953 433 2015 diernis
456 1953 626 2014 nominibus
647 1952 832 2013 definiendus
854 1952 906 2021 sit,
931 1958 1055 2030 excepto
1070 1950 1197 2020 Telone,
1222 1952 1273 2029 qui
1295 1959 1343 2012 est
1361 1951 1444 2013 Tou-

320 2059 386 2134 lon,
421 2073 608 2135 nequaquam
643 2055 722 2116 inter
751 2053 938 2132 geographos
971 2059 1095 2114 constat.
1150 2052 1265 2124 Quibus
1297 2054 1445 2114 accedunt

319 2157 435 2218 insulae
464 2155 645 2218 Stoechades
675 2154 745 2234 (iles
767 2151 942 2236 d’Hyeres),
972 2174 1045 2234 quas
1067 2154 1188 2215 Tacitus
1217 2155 1299 2233 (hist.
1325 2161 1359 2226 3,
1384 2157 1443 2235 43)
1554 2159 1555 2164 ’

321 2257 431 2320 diserte
454 2258 682 2320 Massiliensium
703 2255 818 2319 insulas
840 2255 921 2318 dicit.
948 2291 982 2301 -
1008 2256 1089 2318 Pone
1111 2256 1318 2337 Athenopolim
1342 2264 1443 2320 autem

321 2377 518 2440 quaecunque
545 2376 640 2437 usque
669 2359 704 2420 ad
735 2360 810 2420 ostia
833 2359 902 2419 Vari
924 2359 1039 2439 reliqua
1067 2366 1113 2420 est
1140 2378 1211 2422 orae
1238 2378 1324 2439 pars,
1348 2359 1444 2420 divisa

321 2468 386 2522 erat
408 2461 487 2522 inter
509 2461 621 2522 Forum
643 2460 709 2522 iulii
732 2467 761 2521 et
782 2460 952 2540 Antipolim.

405 2563 538 2624 Porum
566 2559 717 2640 Iulii²⁰)‚
748 2561 877 2638 Fre'jns‚
912 2562 1026 2624 colonia
1054 2564 1165 2626 Forum
1199 2563 1267 2626 Iulii
1300 2563 1445 2625 Pacatum

322 2663 399 2744 (app.
423 2681 451 2724 n.
479 2664 565 2743 183),
590 2664 809 2725 Octavanorum
832 2663 962 2733 colonia,
985 2683 1061 2744 quae
1090 2673 1120 2727 et
1141 2667 1281 2726 Pacensis
1309 2665 1443 2745 appella·

322 2764 408 2826 batur
431 2773 461 2826 et
483 2764 609 2826 Classica
634 2765 718 2846 (Plin.
737 2770 765 2834 3,
790 2763 835 2844 5),
860 2768 949 2827 situm
972 2773 1036 2827 erat
1058 2766 1094 2827 ad
1117 2766 1237 2828 liuvium
1260 2767 1445 2845 Argenteum

322 2863 457 2945 (Argeos)
480 2868 511 2927 in
535 2865 671 2947 Orphne,
696 2885 824 2945 quornm
847 2869 947 2930 civitas
963 2867 1074 2929 Gallica
1096 2868 1175 2930 hand
1199 2868 1288 2930 dubie
1305 2868 1444 2930 coloniae

321 2975 385 3030 erat
413 2968 596 3038 contributa,
626 2970 702 3030 sicut
730 2969 865 3031 Deciates
897 2969 1058 3032 contributi
1087 2977 1171 3032 erant
1199 2970 1308 3050 oppido
1337 2971 1445 3032 Latino

319 3070 488 3150 Antipoli
505 3068 661 3149 (Antlbes),
686 3073 771 3132 cuius
787 3089 857 3150 ager
872 3078 906 3132 ut
920 3072 1016 3132 ultimi
1031 3074 1200 3152 provinciae
1218 3073 1319 3152 oppidi
1340 3075 1444 3135 orien-

320 3177 382 3232 tem
410 3190 515 3233 versus
544 3172 683 3234 delinitus
713 3181 776 3234 erat
803 3172 926 3234 llumine
954 3175 1042 3238 Varo.
1095 3174 1126 3234 st
1154 3191 1223 3234 vero
1252 3175 1445 3254 geographus

320 3271 475 3336 Ravennos
499 3272 543 3352 (p.
566 3278 642 3342 243,
668 3279 716 3340 12.
746 3279 822 3343 339,
848 3271 902 3352 18)
926 3274 1058 3336 Micalam
1088 3274 1231 3338 coloniam
1262 3276 1444 3338 Dicaeorum

321 3381 550 3442 commemorat,
574 3392 634 3436 non
656 3373 774 3444 dubito,
799 3376 870 3454 quin
886 3376 986 3437 Dicaei
1000 3378 1112 3438 luerint
1127 3378 1277 3447 Deciates,
1304 3378 1358 3439 sed
1373 3398 1446 3440 cum

320 3492 429 3535 nomen
451 3474 554 3537 Micala
577 3493 727 3554 nunquam
750 3475 822 3538 alias
843 3479 1019 3548 inveniatur,
1043 3478 1188 3558 Antipolis
1211 3487 1311 3540 autem
1330 3499 1446 3542 nomen

321 3577 409 3636 etiam
430 3585 499 3655 post
522 3585 660 3654 quartum
682 3576 834 3640 saeculum
864 3581 1009 3649 extiterit,
1042 3581 1143 3641 nescio
1172 3579 1242 3660 quid
1269 3582 1445 3643 laciendum

320 3677 358 3736 sil
385 3676 422 3736 de
448 3676 500 3739 illo
528 3679 648 3740 Micelae
676 3679 809 3741 coloniae
841 3682 969 3742 nomine.
1022 3684 1057 3744 At
1090 3690 1246 3762 praeterea
1274 3701 1329 3766 per
1364 3683 1446 3746 hanc

318 3968 412 4014 antem
430 3959 439 4029 (
446 3966 494 4025 21,
514 3963 562 4028 31)
582 3969 610 4016 et
629 3964 729 4017 Strabo
749 3965 811 4030 (IV.
830 3983 855 4033 p.
874 3967 941 4033 203)
961 3969 1100 4021 Tricorios
1118 3971 1193 4020 inlus
1212 3969 1353 4022 collocant
1370 3988 1446 4038 pone

317 4048 482 4115 Vocontios,
500 4065 551 4100 nos
569 4051 680 4116 quidem
697 4051 790 4102 Plinio
809 4052 986 4115 assentimur,
1012 4058 1070 4103 tam
1094 4055 1159 4120 quia
1181 4055 1255 4105 hand
1278 4056 1363 4107 dubie
1383 4074 1447 4109 oer-

319 4134 404 4185 tiores
422 4134 547 4200 sequitur
565 4139 694 4186 auctores
714 4151 796 4200 quam
814 4137 880 4202 quia
898 4153 952 4188 non
970 4142 1074 4189 temere
1093 4139 1231 4191 Tricorios
1256 4144 1285 4190 et
1301 4141 1448 4194 Tricollos

319 4219 471 4284 separatim
488 4234 635 4271 recensere
653 4219 792 4286 putandus
810 4224 863 4271 est.

386 4321 431 4383 20)
449 4322 491 4372 De
509 4323 576 4374 Pori
593 4321 658 4372 Iulii
675 4321 801 4386 reliquiis
820 4322 872 4376 cir.
891 4322 940 4373 ch.
954 4325 1069 4385 Texier,
1089 4339 1135 4375 sur
1152 4324 1181 4375 la
1199 4326 1267 4376 ville
1287 4331 1316 4377 et
1335 4329 1364 4378 le
1383 4336 1450 4396 port

318 4401 352 4454 de
365 4402 466 4469 Frdjus
484 4406 513 4455 in
525 4405 673 4459 Mdmoires
690 4404 834 4474 pre'sente's
853 4407 870 4458 h
887 4406 992 4458 l'Acad.
1007 4408 1041 4461 ΙΙ.
1055 4407 1126 4461 serie
1145 4415 1218 4461 tome
1230 4414 1256 4462 2.
1275 4428 1302 4479 p.
1319 4415 1371 4465 169
1385 4432 1447 4487 sqq.
