3184 5162
1246 484 1284 530 lx

159 635 228 699 Nos
257 637 286 701 si
313 635 374 699 hoc
402 632 485 698 libro
518 643 645 720 partem
679 655 807 713 eorum,
839 655 924 719 quae
951 633 1091 720 Thierry
1121 636 1284 715 tractavit,

160 737 365 821 suscepimus
387 735 643 814 retractandam,
671 756 737 800 non
765 755 916 800 veremur
944 756 985 798 ne
1006 735 1042 799 id
1063 744 1190 800 tantum
1210 757 1285 801 con·

160 839 264 902 secuti
287 837 403 916 simus,
432 843 565 922 ut„acta
587 836 628 901 ab
651 836 715 900 alio
737 837 855 902 iterum
884 836 1062 920 egerimus:
1090 839 1230 922 namque
1253 847 1286 901 et

159 939 259 1003 latius
286 937 439 1022 'Phierryi
471 937 640 1002 consilium
669 937 791 1018 effecit,
823 947 861 1002 ut
896 937 1117 1002 meridionalis
1144 936 1284 1018 Galliae,

149 1040 215 1105 ex·
232 1059 296 1124 quo
326 1039 358 1101 in
384 1037 538 1102 ulteriore
566 1038 705 1102 Romani
737 1039 930 1122 inceperunt
957 1040 1150 1121 consistere,
1178 1041 1285 1104 minus

161 1140 317 1225 explicite
338 1141 422 1202 ratio
444 1138 630 1220 haberetur,
653 1147 686 1203 et
707 1161 766 1204 nos
789 1139 943 1205 adhibitis
967 1140 1178 1222 documentis,
1201 1160 1285 1226 quae

160 1241 321 1325 Thierryo
355 1262 420 1307 non
456 1251 585 1328 praesto
612 1249 720 1321 erant,
756 1241 924 1328 adiutique
951 1242 1175 1324 incrementis,
1203 1263 1286 1327 quae

161 1341 385 1407 Romanarum
407 1343 638 1428 antiquitatum
660 1343 797 1407 scientia
817 1342 975 1427 proximis
998 1342 1049 1406 his
1072 1344 1166 1407 annis
1188 1345 1285 1428 cepit,

94 1494 99 1498 -
161 1469 205 1510 ex
228 1467 347 1530 magna
367 1451 460 1530 parte
488 1443 560 1508 aliis
584 1465 681 1529 quam
708 1442 763 1507 ille
791 1445 929 1529 scriptor
951 1445 1015 1507 nisi
1036 1465 1148 1508 sumus
1170 1443 1286 1508 funda-

160 1548 290 1612 mentis.
898 1589 905 1626 ,

249 1647 343 1727 Quae
370 1647 467 1711 huius
497 1645 573 1712 libri
601 1645 816 1729 fundamenta
844 1656 876 1710 et
905 1645 1103 1710 adminicula
1131 1645 1286 1711 hocloco

160 1749 376 1833 respicientes
404 1769 470 1813 non
499 1769 670 1832 possumus
700 1768 766 1811 non
793 1749 917 1831 gratias
945 1769 1042 1832 agere
1064 1770 1162 1834 quam
1184 1749 1286 1813 maxi-

159 1871 230 1914 mas
252 1850 402 1914 omnibus
424 1851 481 1931 iis,
512 1870 595 1934 quae
622 1849 703 1914 haec
730 1857 843 1914 nostra
865 1848 974 1912 studia
995 1847 1174 1914 liberaliter
1196 1849 1286 1914 adiu·

159 1960 290 2016 verunt.
335 1951 380 2016 Et
406 1952 509 2036 primo
537 1949 669 2036 quidem
696 1951 767 2014 loco
796 1948 984 2014 nominandi
1013 1949 1093 2013 mihi
1121 1958 1197 2014 sunt
1223 1951 1286 2029 viri

160 2051 366 2118 celeberrimi
393 2052 454 2116 Th.
483 2051 665 2117 Mommsen
691 2050 930 2132 Berolinensis,
964 2052 1018 2115 cui
1046 2059 1204 2136 quantum
1233 2051 1285 2116 de-

159 2153 277 2232 beant,
311 2153 495 2238 quicunque
529 2153 684 2218 historiae
711 2147 879 2217 Romanae
911 2159 943 2215 et
976 2152 1023 2216 rei
1056 2152 1286 2238 epigraphicae

160 2275 296 2340 operam
319 2254 412 2333 daut,
441 2255 526 2318 inter
554 2277 664 2319 omnes
693 2262 836 2335 constat,
866 2254 1025 2340 cuiusque
1047 2252 1175 2317 liberali
1195 2255 1286 2318 insti·

159 2357 280 2420 tutioni
303 2376 361 2418 nos
384 2377 524 2441 quoque,
548 2358 575 2419 si
598 2354 677 2441 quid
699 2357 733 2419 in
754 2355 805 2419 his
822 2355 938 2420 studiis
960 2355 1169 2440 profecimus,
1192 2366 1285 2439 grato

159 2459 270 2522 animo
294 2453 524 2536 attribuimus,
540 2455 594 2520 W.
618 2457 755 2520 Henzen
778 2457 958 2536 Romanus,
982 2464 1019 2520 ut
1042 2457 1206 2538 omnibus,
1229 2459 1285 2543 qui

160 2559 321 2645 proximis
344 2558 394 2620 his
418 2559 511 2622 annis
534 2556 645 2621 sedem
672 2557 763 2622 illam
786 2556 939 2643 Capitolii
969 2558 1125 2622 scientiae
1147 2560 1285 2644 antiqui·

158 2660 239 2724 tatis
268 2658 453 2723 dedicatam
484 2660 646 2738 viserunt,
681 2661 805 2724 amicus
839 2659 1006 2723 suadendo
1041 2668 1073 2722 et
1099 2659 1286 2725 adiuvando

158 2781 331 2846 nunquam
352 2780 417 2826 non
439 2769 572 2843 paratus
579 2806 588 2840 ,
618 2761 665 2823 ita
686 2762 782 2826 nobis
804 2781 933 2847 quoque
955 2761 1051 2824 amici
1073 2761 1286 2847 magistrique

157 2863 231 2926 loco
256 2882 380 2924 summe
402 2861 621 2941 venerandus,
652 2862 743 2926 Leon
770 2863 889 2926 Renier
910 2863 1120 2940 Parisiensis,
1145 2861 1286 2946 discipli-

158 2985 224 3029 nae
256 2971 388 3026 nostrae
420 2963 456 3026 in
481 2963 588 3047 patria
616 2985 676 3026 sua
703 2964 870 3048 princeps,
904 2965 966 3049 qui·
987 2965 1114 3028 visuros
1144 2963 1286 3028 Galliam

157 3065 291 3153 pridem
312 3063 558 3127 Narbonensem
586 3063 740 3144 consilio,
769 3063 1062 3144 commendatione,
1093 3064 1286 3129 auctoritate

157 3189 262 3254 quam
298 3163 526 3228 liberalissime
559 3187 618 3230 nos
651 3165 779 3229 adiuvit
806 3174 839 3230 et
865 3165 907 3230 ad
936 3165 1121 3230 faciendum
1148 3167 1211 3231 iter
1239 3168 1286 3230 in·

159 3268 296 3333 struxit.
341 3265 410 3330 Nec
431 3269 538 3330 minus
568 3274 661 3352 grato
691 3269 799 3332 animo
822 3267 1028 3330 recordamur
1049 3267 1210 3351 insignem
1231 3268 1286 3333 be-

156 3369 358 3453 nignitatem
380 3375 413 3430 et
434 3369 635 3448 comitatem,
659 3390 756 3452 quarn
779 3389 853 3432 cum
875 3376 999 3432 aestate
1022 3369 1098 3431 anni
1122 3376 1202 3437 1861
1228 3391 1286 3454 per

158 3469 293 3537 Galliae
322 3468 541 3533 meridionalis
570 3469 693 3555 oppida
710 3471 1018 3554 peregrinamur,
1053 3471 1286 3555 praestiterunt

157 3573 258 3638 nobis
281 3571 345 3634 viri
367 3569 549 3653 dignissimi
577 3580 610 3634 et
638 3572 839 3658 antiquitatis
869 3571 1101 3652 thesaurorum
1123 3574 1158 3636 in
1179 3575 1287 3656 patria

157 3695 224 3739 sua
259 3680 523 3736 conservatorum
560 3673 751 3756 peritissimi
784 3672 918 3738 Rouard
946 3675 1125 3758 Aquensis,
1159 3673 1287 3760 Deloye

155 3773 377 3852 Aveniensis‚
406 3773 501 3856 Long
528 3773 687 3856 Deensis,
716 3775 853 3840 Germer
878 3775 1017 3838 Durand
1044 3774 1285 3855 Nemausensis,

155 3872 310 3944 Tournal
332 3874 572 3956 Narbonensis,
595 3875 702 3960 Barry
724 3877 915 3940 Tolosanus.
960 3877 1111 3961 Denique
1133 3897 1174 3938 ne
1194 3875 1285 3960 prae-

154 3978 356 4055 termittam,
387 3977 442 4060 qui
464 3998 631 4040 reversum
653 3979 686 4040 in
708 3979 848 4061 patriam
869 3976 1175 4043 benevolentissime
1196 3977 1285 4039 iuve-

153 4231 273 4288 recules
289 4231 403 4296 jusqu'a
419 4230 543 4282 l'entiere
562 4232 727 4282 soumission
745 4232 778 4282 de
802 4232 830 4281 la
850 4231 939 4281 Gaule
958 4246 1022 4281 sous
1040 4231 1285 4282 l’administration

152 4319 298 4372 romaine.
327 4315 409 4372 Paris
429 4318 504 4368 1828.
539 4315 622 4376 Idem,
642 4317 767 4366 Histoire
787 4317 820 4365 de
839 4316 867 4365 la
880 4314 968 4365 Gaule
987 4331 1050 4366 sous
1069 4315 1097 4364 la
1114 4313 1284 4365 domination

151 4403 298 4457 romaine.
328 4401 409 4450 Paris
429 4401 502 4450 1840.
