3124 5168
350 470 391 534 58
480 525 483 532 .
839 461 974 528 Tonosa.

435 642 492 696 281.
523 637 638 697 Tolosae
652 639 680 696 in
694 655 799 696 museo.

436 729 602 817 ΘΙανόντιΙ
631 734 793 818 llanarrol
817 737 992 798 bannoricis
1019 735 1102 818 1ΙίΙίοΙ
1133 734 1137 819 Ι
1167 737 1330 818 maglistro)
1361 746 1468 816 quater

291 837 296 848 '
351 839 392 901 eT
416 835 421 920 Ι
446 839 610 917 quaestori:
636 836 641 920 Ι
664 838 766 920 r(irae)
790 837 950 918 aldenilael
973 838 1073 900 Donnl
1094 836 1197 921 silliae)
1222 841 1319 902 uxori.

434 943 577 1019 beseripsi.
615 961 638 1001 v.
655 949 679 1001 4.
695 943 830 1014 Quaestor
846 963 884 1002 sc.
900 942 1017 1018 collegii.

434 1082 493 1136 202.
523 1077 700 1136 ‘beoouverte
716 1083 730 1136 i
746 1079 783 1137 St.
800 1050 877 1138 n'tn’.

433 1177 556 1240 Herculi
579 1177 583 1261 Ι
607 1176 773 1258 Tol(osano)
790 1177 924 1239 Andosso
941 1175 945 1260 Ι
961 1175 1090 1258 inviotol
1115 1178 1312 1256 Primigenius
1335 1176 1340 1260 Ι
1366 1179 1468 1240 Sembi

349 1278 446 1361 libius)
472 1277 476 1362 Ι
500 1277 620 1358 νΙοῑυῐηΙ
644 1278 750 1362 slolvit)
773 1279 889 1360 bibens)
913 1277 1051 1360 numito).

434 1384 509 1443 item.
526 1386 558 1442 de
575 1385 599 1442 la
615 1384 719 1442 Sooiltri
735 1387 807 1442 arob.
824 1384 859 1441 du
875 1383 972 1442 ilidii.
988 1383 1076 1457 (1834)
1091 1403 1118 1458 p.
1134 1388 1192 1442 285.

434 1524 491 1578 283.
528 1520 642 1596 liep.'in
663 1523 721 1578 vico
737 1521 884 1596 Pyrenaioo
905 1519 1071 1594 Mortiynoe
1090 1523 1144 1578 sito
1165 1536 1250 1596 prope
1271 1520 1403 1595 oppidum
1425 1519 1465 1578 St.
1551 1497 1552 1546 Ι

350 1604 426 1662 Beer
447 1613 474 1662 et
496 1607 582 1663 vicino
605 1607 742 1664 veteribus
763 1605 914 1681 lapicidinis
936 1606 1136 1668 marmorariis.
1159 1622 1228 1681 quae
1248 1605 1338 1663 adhue
1358 1608 1466 1680 conspi-

349 1693 460 1750 ciuntur
474 1693 501 1748 in
517 1699 609 1748 monte
624 1690 664 1748 Ra·
678 1691 717 1748 rel
733 1691 819 1753 Arri:
839 1708 911 1749 nunc
930 1699 1001 1748 estat
1023 1692 1051 1748 in
1070 1707 1165 1748 museo
1187 1691 1333 1750 Tolosano.
1368 1692 1466 1749 Inseri-

350 1778 408 1852 ptio
424 1777 451 1832 in
466 1776 555 1850 lapide
571 1776 715 1833 durissimo
733 1785 785 1834 tam
801 1775 898 1834 leviter
913 1783 1020 1834 exarata
1035 1784 1091 1839 est.
1108 1785 1139 1834 ut
1153 1774 1312 1836 diibeillinre
1326 1776 1444 1852 legatur.

434 1890 551 1952 Silvano
575 1891 636 1952 Deo
659 1898 688 1950 et
712 1889 716 1973 Ι
739 1891 890 1953 montibus
918 1890 1042 1952 Nimidis
1065 1889 1070 1974 Ι
1094 1893 1133 1964 t).
1158 1889 1289 1954 lulianus
1313 1897 1342 1951 et
1363 1890 1463 1952 Publi·
1552 1932 1553 1956 1

350 1991 422 2075 nilus
445 1993 668 2060 Crescentinus.
696 1996 747 2074 qui
769 1991 866 2075 prilmi
890 1991 958 2054 bino
980 1993 1134 2054 columnas
1156 1991 1329 2074 vieelnarias
1352 1992 1463 2054 celare·
1552 2005 1553 2038 ³

349 2092 439 2176 runt!
464 2102 493 2155 et
516 2103 755 2175 exportaverunt,
781 2091 785 2176 Ι
810 2093 931 2173 elotum)
954 2091 1128 2173 stolverunt)
1150 2093 1300 2175 l(ibentes)
1323 2096 1461 2176 interito).
1552 2133 1553 2140 .

432 2199 507 2258 Hane
522 2199 680 2264 lectionem,
704 2217 784 2274 quarn
800 2217 832 2256 en
847 2206 946 2273 ectypo
961 2209 1084 2256 cartaceo
1101 2199 1151 2256 sibi
1167 2202 1250 2257 misso
1266 2203 1373 2274 primns
1388 2217 1464 2257 erue·

349 2295 391 2344 rat
406 2287 526 2348 Henzen,
548 2285 652 2343 contuli
674 2302 734 2342 cum
755 2288 816 2360 ipso
831 2283 921 2358 lapide
941 2293 969 2340 et
989 2301 1078 2341 veram
1093 2287 1192 2341 inveni.
1222 2285 1272 2342 eir.
1288 2301 1359 2360 quae
1373 2285 1463 2342 dieunt

348 2371 376 2428 E.
392 2367 481 2446 Bnry,¹
496 2372 566 2428 ‘une
580 2370 745 2445 inscription
760 2369 829 2427 ine'd.
846 2370 882 2426 du
897 2385 966 2426 rnus.
982 2370 1015 2428 de
1031 2369 1126 2428 Toul'
1143 2377 1170 2426 et
1185 2371 1295 2428 Henzen
1310 2371 1339 2428 in
1354 2369 1423 2428 Ball.
1437 2369 1459 2425 d.

348 2457 413 2514 lnst.
430 2457 501 2514 aroh.
520 2458 585 2511 1802
601 2473 627 2530 p.
645 2459 694 2510 142
710 2474 750 2530 sq.
781 2473 804 2512 v.
820 2457 836 2507 5
852 2471 892 2528 sq.
910 2456 1057 2512 vicenariae
1074 2458 1090 2511 i.
1106 2472 1130 2513 e.
1145 2455 1240 2529 viginti
1257 2455 1366 2529 pedum.

323 2661 324 2664 Ι
433 2595 491 2648 284.
520 2591 585 2666 liep.
602 2594 629 2648 in
645 2591 856 2648 viooFranoon
872 2607 958 2666 prope
974 2590 1108 2648 Tolosam.
1153 2659 1157 2667 ¹

433 2705 512 2768 Lahe
534 2707 613 2768 Deae
638 2703 642 2788 Ι
666 2705 737 2767 Iulia
762 2703 766 2788 Ι
796 2706 968 2768 Postumina
991 2704 996 2788 Ι
1020 2713 1050 2767 et
1073 2703 1230 2788 Geminli)a
1254 2703 1258 2787 Ι
1289 2705 1428 2768 Postumo
1454 2705 1459 2787 Ι
1553 2693 1554 2734 ³

348 2807 469 2890 v(otum)
494 2807 666 2890 slolverunt)
690 2806 837 2890 ilibentes)
861 2805 999 2887 interito).
1553 2857 1554 2864 ,

432 2915 539 2971 Henzen
560 2915 629 2969 5896
649 2929 680 2968 ex
700 2911 776 2968 iiim.
799 2913 846 2970 ales
867 2914 958 2987 Antiq.
980 2911 1100 2970 du'ilidi
1122 2913 1142 2970 l.
1165 2931 1192 2988 p.
1208 2915 1249 2969 11.
1286 2919 1310 2971 2.
1335 2929 1461 2972 eunome

347 2999 448 3058 mavult
462 2999 578 3055 llenzen.
650 3036 652 3042 ‚
1245 3007 1247 3016 ¹

432 3099 591 3194 Praetepea
612 3098 643 3158 in
666 3115 769 3158 museo
793 3095 949 3158 Tolosensi
976 3095 1054 3161 haud
1083 3097 1206 3176 exiguus
1228 3115 1376 3160 numerus
1397 3118 1459 3180 pro·
1552 3147 1554 3180 r

348 3209 405 3264 stat
426 3206 706 3268 monumentorum,
731 3217 806 3278 quae
828 3217 883 3278 per
906 3197 998 3262 saltus
1020 3200 1188 3280 Pyrenaeos
1210 3207 1332 3279 reperta
1353 3199 1459 3282 paulla-
1552 3195 1554 3274 Ι

348 3304 401 3364 tim
422 3302 480 3364 huo
503 3308 642 3379 congesta
664 3308 741 3363 sunt.
787 3301 868 3374 Quae
896 3308 1088 3364 monumenta
1116 3319 1183 3362 eum
1212 3303 1311 3363 omnia
1339 3303 1377 3366 ad
1403 3301 1459 3363 cul·
1552 3291 1554 3324 ³

348 3410 410 3464 tum
433 3405 602 3484 pertineant
623 3403 762 3472 deorum,
787 3405 837 3482 qui
858 3422 913 3482 per
935 3402 1001 3464 illos
1023 3410 1151 3473 tractus,
1179 3421 1235 3483 per
1258 3410 1392 3473 montes,
1415 3403 1460 3468 sil·

256 3499 259 3506 ⁴
347 3521 407 3574 vas,
431 3523 522 3584 aquas
545 3504 679 3567 salubres
696 3512 750 3566 etc.
776 3503 966 3576 colebantur,
990 3505 1027 3568 ad
1041 3502 1212 3583 religiones,
1237 3505 1274 3566 ad
1289 3504 1460 3586 geographi·

349 3625 413 3667 eam
435 3606 679 3685 descriptionem,
704 3607 739 3667 ad
763 3607 894 3684 linguam
917 3606 1034 3667 illarum
1063 3608 1221 3685 regionum
1243 3607 1461 3686 cognoscendas

348 3709 447 3786 magni
468 3707 546 3770 haud
570 3708 657 3770 dubie
681 3717 751 3772 sunt
772 3710 923 3770 momenti.
969 3712 1107 3814 Attamen
1127 3711 1273 3770 maiorem
1293 3707 1399 3772 talium
1420 3710 1460 3769 in·

306 3881 311 3896 ι
349 3810 543 3888 scriptionum
576 3829 733 3871 numerum
761 3811 809 3870 hio
836 3829 1009 3896 proponere
1031 3810 1200 3889 supersedi.
1231 3810 1311 3888 quod
1342 3818 1373 3874 et
1398 3829 1463 3891 pars
1552 3841 1554 3874 r

243 3997 245 4003 Ι
349 3919 432 3973 extra
453 3913 621 3991 provinciae
644 3911 718 3974 lines
741 3920 860 3992 reperta
882 3921 927 3974 est
957 3920 985 3974 et
1007 3913 1127 3974 omnino
1150 3912 1187 3974 ab
1209 3911 1298 3974 huius
1320 3911 1391 3976 libri
1411 3930 1462 3973 usu
1553 3925 1554 3996 ᾗ

348 4013 460 4074 alienae
484 4021 553 4074 sunt
579 4012 646 4072 illae
677 4015 874 4090 quaestiones
926 4014 1065 4075 Ceterum
1094 4013 1148 4074 cir.
1180 4013 1290 4084 Millin,
1321 4015 1390 4096 Voy.
1419 4013 1460 4074 tv.
1552 4055 1554 4074 .

349 4120 538 4182 atr—449.
590 4114 710 4175 Henzen
739 4120 830 4182 5894.
863 4119 954 4183 5895.
979 4119 1063 4183 5897
1092 4122 1181 4192 atque
1211 4116 1291 4178 varia
1320 4117 1463 4178 volumina

349 4215 556 4294 ephemeridis,
581 4231 656 4292 quae
678 4214 785 4276 dieitur
808 4217 966 4277 Memoires
988 4215 1041 4278 des
1064 4218 1253 4295 Antiquaires
1275 4216 1316 4278 du
1339 4217 1410 4279 blidi
1429 4216 1463 4277 de

348 4315 374 4376 la
397 4317 520 4378 Franco.
565 4315 716 4379 Toulouse
738 4321 821 4386 1834
843 4333 907 4395 sqq.

832 4488 838 4492 .
843 4487 966 4496 -—--···-—
972 4489 1034 4497 --m—
1038 4490 1056 4495 --
