3132 5158
709 458 844 518 tarmus
865 457 1008 517 utilitati.

646 665 675 754 a.
719 655 812 722 vra
838 655 1078 723 nonium.

386 816 502 877 bluuire
525 820 690 894 coeperunt
703 812 829 875 Romani
850 813 927 876 bano
948 814 1024 874 viam
1048 814 1146 874 statim
1168 821 1237 892 post
1258 820 1423 893 occupatos

302 917 375 978 flues
398 914 555 977 Volcarum
577 917 735 996 imperium
759 914 885 976 habente
907 917 938 976 in
960 915 1127 994 provincia,
1156 920 1189 974 ut
1215 933 1325 976 nomen
1355 917 1423 976 riae

302 1019 419 1088 indicat,
444 1018 495 1080 Cu.
521 1018 648 1080 Domitio
670 1016 868 1080 Ahenobarbo
896 1035 921 1078 a.
946 1035 974 1078 u.
999 1034 1023 1078 e.
1049 1020 1110 1084 633
1133 1016 1202 1102 sive*
1217 1035 1242 1076 a.
1268 1016 1320 1078 Cb.
1347 1021 1421 1081 121.

302 1120 433 1183 Ducebat
455 1126 569 1189 autem,
599 1127 632 1181 ut
652 1120 773 1181 maioris
797 1120 937 1180 momenti
958 1117 1023 1180 looa
1045 1119 1213 1186 nominem,
1243 1117 1280 1178 ab
1302 1116 1424 1179 Arelate

238 1299 241 1308 Ι
301 1241 356 1303 per
379 1221 586 1291 Tarasoonem,
612 1221 772 1300 Ugernum,
797 1220 988 1290 Nemausum,
1013 1221 1225 1289 Cesseronem,
1248 1219 1423 1282 Narbonem

303 1343 391 1387 unam
408 1330 524 1403 partem
540 1340 646 1384 versus
668 1321 704 1383 ad
724 1323 798 1383 lines
812 1323 987 1402 Hispaniae,
1010 1321 1134 1386 alteram
1156 1340 1262 1383 versus
1285 1322 1322 1382 ad
1344 1324 1424 1384 lines

301 1427 489 1505 Aquitaniae:
513 1432 670 1505 praeterea
687 1426 870 1504 processisse
888 1443 904 1484 a
926 1422 1092 1486 Cessarone
1110 1422 1197 1484 aliam
1218 1425 1294 1484 viam
1309 1424 1345 1484 ad
1364 1425 1423 1485 Ce-

302 1528 428 1588 bennam
445 1534 576 1588 montem
598 1525 708 1588 indicat
731 1524 845 1587 tabulae
861 1525 1104 1604 Peutingerianae
1127 1532 1312 1604 segmentum
1336 1525 1358 1585 Ι.
1384 1527 1421 1588 D.

302 1629 485 1709 Descriptam
509 1627 601 1688 babes
630 1629 704 1689 riam
727 1627 883 1689 Domitiam
912 1624 1007 1705 qualis
1037 1627 1073 1688 ab
1094 1627 1213 1689 Arelate
1240 1625 1356 1688 terebat
1385 1627 1424 1688 ad

300 1732 486 1810 Pyrenaeum
508 1731 539 1790 in
561 1729 658 1790 itiner.
682 1732 787 1790 Anton.
812 1748 841 1809 p.
860 1733 932 1799 388,
957 1728 1086 1794 awess.
1103 1762 1146 1773 -
1161 1733 1232 1798 390,
1251 1733 1285 1797 2;
1312 1733 1423 1798 396,1

300 1867 342 1878 -
364 1837 439 1902 397,
465 1840 499 1900 7,
533 1833 664 1908 itemque
692 1833 723 1892 in
752 1833 850 1891 itiner.
879 1833 1030 1910 Aquarum
1058 1829 1271 1909 Apollinarium
1298 1829 1426 1892 Henzen

301 1938 398 2001 5210;
417 1932 512 2010 qualis
528 1951 563 1992 ex
579 1934 733 2011 Aquitania
749 1932 878 1993 ‹lueebat
891 1932 1041 1994 Arelatem
1055 1934 1086 1993 in
1100 1933 1164 1993 itin.
1178 1932 1294 1993 Hieros.
1308 1951 1336 2010 p.
1347 1939 1424 2001 551.

302 2041 377 2101 2—
400 2039 477 2104 552,
496 2041 544 2101 10.
579 2067 621 2078 --
650 2033 910 2096 Numeramlorum
937 2041 1035 2094 autem
1065 2032 1194 2113 lapidum
1226 2050 1302 2112 quae
1330 2034 1427 2094 luerit

301 2138 391 2207 ratio,
422 2142 504 2197 oerto
532 2153 592 2196 non
620 2143 719 2216 potest
746 2135 805 2197 diei
834 2137 891 2197 nisi
919 2134 956 2196 de
979 2153 1012 2196 ea
1035 2143 1134 2214 parte,
1164 2153 1239 2214 quae
1266 2143 1312 2197 est
1342 2138 1425 2197 inter

301 2238 470 2300 Narbonem
499 2244 528 2297 et
551 2238 749 2307 Nemausum,
780 2244 867 2315 atque
897 2237 952 2299 alia
979 2235 1027 2297 hio
1053 2237 1111 2298 suit
1137 2237 1202 2298 aliis
1223 2237 1423 2317 temporibus.

301 2339 505 2402 Procedebaut
535 2341 614 2401 enim
642 2339 773 2419 lapidum
802 2341 919 2400 numeri
940 2339 1120 2419 imperatore
1143 2339 1261 2400 Tiberio
1284 2337 1322 2400 ab
1345 2340 1423 2401 Nar·

300 2441 378 2502 bone
401 2441 589 2509 Nemausum,
613 2449 645 2502 ut
667 2441 775 2522 probat
796 2459 824 2502 n.
850 2445 926 2511 629,
951 2447 1054 2502 eontra
1077 2439 1133 2502 sub
1155 2442 1305 2502 Antonino
1326 2441 1382 2503 Pio
1408 2461 1423 2504 a

301 2544 448 2605 Nemauso
472 2542 651 2612 Narbonem,
675 2543 704 2604 id
728 2542 805 2621 quod
829 2549 931 2624 aperte
953 2544 1142 2604 demonstrat
1162 2561 1192 2603 n.
1217 2547 1287 2610 632.
1339 2543 1422 2615 Quo·

179 2687 188 2705 .
301 2644 389 2706 modo
413 2661 482 2706 vero
505 2646 584 2706 inter
606 2644 786 2706 Nemausum
815 2651 845 2705 et
867 2643 1015 2706 Arelatem
1038 2651 1128 2722 atque
1149 2642 1225 2704 ultra
1248 2643 1424 2706 Narbonem

300 2754 490 2809 numeratum
512 2749 564 2815 sit,
588 2748 638 2827 qui
655 2752 800 2807 testentur
822 2746 935 2826 lapides
958 2765 1018 2807 nnn
1041 2747 1174 2824 cognovi,
1198 2762 1266 2807 oum
1288 2746 1318 2815 ii,
1344 2763 1424 2824 quos

300 2851 414 2919 inveni,
450 2867 591 2910 numeros
624 2866 684 2909 nou
717 2848 859 2919 babeant,
894 2850 951 2910 uisi
984 2849 1062 2908 lorte
1093 2857 1219 2909 numero
1246 2846 1315 2908 Xlll
1344 2851 1422 2920 eius,

300 2953 351 3032 qui
377 2957 533 3028 sequetur,
562 2950 668 3030 lapidis
690 2969 719 3011 n.
744 2955 822 3020 630,
850 2957 932 3012 reete
960 2968 1120 3011 numerum
1142 2947 1254 3010 milium
1277 2967 1423 3029 passuum

301 3071 406 3115 censes
433 3053 573 3122 indicari;
603 3052 681 3133 quod
712 3051 862 3132 quomodo
890 3071 923 3114 se
949 3051 1072 3121 habeat,
1103 3050 1138 3112 ad
1163 3052 1261 3130 ipsum
1290 3049 1423 3131 lapidem

300 3155 441 3217 dicemus.

623 3321 662 3386 A)
693 3321 874 3374 Narbone
895 3323 1101 3374 Arelatem.

385 3467 444 3519 628.
473 3463 551 3520 Extat
566 3466 593 3520 in
609 3464 689 3522 borto
706 3465 792 3520 musei
807 3463 881 3520 urbis
897 3461 1086 3534 Moatpellier.

385 3577 571 3660 lmp(erator)
595 3576 736 3662 Caesari
762 3580 826 3640 lliri
853 3579 872 3640 l.
902 3577 1072 3658 Auglustus)
1102 3575 1257 3659 pontlilex)
1283 3574 1288 3661 Ι
1314 3579 1422 3659 max(i-

189 3701 286 3746 ..cns
301 3676 378 3759 mus)
402 3698 463 3742 eos.
480 3693 531 3739 xit
554 3700 615 3742 eos.
637 3679 641 3763 Ι
661 3678 851 3762 desig(natns)
875 3692 955 3750 xm,
978 3675 1161 3762 imp(erator)
1177 3691 1265 3749 X1111,
1287 3683 1292 3754 Ι
1311 3679 1422 3762 trib(u·

300 3777 386 3862 nicia)
409 3780 575 3863 potestlate)
599 3796 657 3844 xx.

384 3886 528 3962 besoripsi.
563 3887 688 3946 Eiusdem
707 3887 805 3962 lapidis
826 3887 975 3962 exemplar,
998 3887 1044 3944 sed
1066 3889 1155 3944 minus
1177 3887 1257 3944 etiam
1279 3889 1422 3961 integrum

301 3971 385 4030 llillin
401 3970 449 4045 (lV
470 3990 495 4046 p.
513 3972 578 4045 342)
595 3973 661 4029 vidit
676 3976 748 4030 inter
762 3972 944 4044 Montpellier
958 3980 986 4028 et
1001 3973 1092 4044 Agilo.
1109 3971 1184 4046 ‘pres
1198 3972 1232 4028 de
1246 3971 1273 4028 la
1288 3981 1370 4046 porte
1387 3975 1423 4031 de

300 4057 405 4132 l’egllse
420 4057 454 4114 de
470 4056 511 4114 St.
524 4056 634 4114 Martia
649 4057 773 4114 deOre's'
791 4055 858 4136 (sive
874 4056 912 4114 St.
923 4057 1020 4114 blartin
1035 4056 1157 4119 dullrau,
1173 4074 1227 4131 quo
1244 4059 1354 4114 nomine
1370 4060 1423 4116 ho·

301 4142 343 4197 die
358 4141 489 4216 appellari
510 4143 616 4199 invenio
637 4143 664 4199 iu
684 4142 790 4217 mappis
811 4140 1021 4217 geographicis).
1057 4141 1141 4199 Tertii
1162 4141 1324 4216 exemplaris
1345 4143 1422 4219 lrag·

301 4235 421 4283 mentum
437 4244 451 4283 a
466 4227 603 4285 Peiresoio
619 4227 785 4302 descriptum
806 4225 888 4284 babet
907 4227 1017 4302 Bergler
1031 4245 1058 4302 p.
1074 4229 1139 4292 506,
1162 4228 1208 4301 qui
1222 4226 1303 4290 dieii,
1326 4237 1424 4286 extare

302 4309 328 4367 id
343 4312 371 4367 in
388 4312 488 4387 templo
504 4313 555 4370 vioi
570 4313 693 4376 Beroia,
709 4312 753 4370 siti
769 4313 841 4369 inter
855 4311 1038 4386 Montpellier
1054 4319 1082 4368 et
1094 4311 1271 4374 Nemausum.
1288 4312 1423 4372 distantis

301 4395 465 4454 aNeruauso
480 4397 623 4456 kilometra
638 4397 737 4457 Galllea
753 4397 908 4463 duodecim
929 4406 1056 4475 quartum
1078 4397 1161 4472 idque
1176 4396 1315 4471 integrum
1331 4397 1424 4460 blalt'ei
