3154 5162
294 471 334 532 90
686 467 769 524 PARS
791 467 811 524 l.
855 467 961 525 GAPV'l
984 469 1013 525 11.

292 635 412 714 imperii
433 634 560 696 Romani
582 635 697 696 ratione
721 653 787 695 esse
810 641 1000 714 propagatam
1022 636 1100 696 inira
1123 634 1304 696 docebimus
1343 637 1414 715 lpsa

293 743 391 798 autern
413 735 539 798 Alebeoe
562 741 592 796 et
613 737 842 816 carpentoracte
864 738 984 798 nomina
1007 736 1118 799 Gallica
1146 738 1224 815 quod
1250 740 1281 798 in
1302 740 1413 798 inscri-

293 837 444 919 ptionibus
466 837 579 900 Latinis
600 857 662 900 non
683 840 884 908 inveniuntur,
907 839 1003 899 lorma
1026 838 1152 900 barbara
1176 839 1312 920 explicat.

377 941 430 1002 His
453 938 619 1001 civitatibus
647 942 697 1018 qui
719 941 827 1002 deinde
855 942 973 1002 finitimi
998 949 1084 1003 erant
1107 943 1298 1010 Vocontii,
1328 941 1413 1002 Stra-

293 1042 370 1104 bone
393 1043 513 1121 quidem
534 1037 709 1102 auotore'et
736 1045 794 1124 ipsi
816 1042 984 1104 babuerunt
1010 1044 1057 1103 ius
1080 1041 1169 1112 Latii,
1198 1062 1215 1102 a
1240 1041 1338 1104 Plinio
1361 1061 1414 1104 an·

292 1152 353 1206 tem
376 1145 526 1206 foederata
554 1147 656 1206 civitas
684 1145 822 1207 dicuntur
851 1144 951 1205 inisse.
998 1144 1079 1216 Quae
1107 1146 1186 1206 inter
1213 1162 1246 1204 se
1272 1163 1333 1204 non
1355 1163 1414 1223 pu·

292 1265 393 1326 gnare,
417 1247 495 1308 inira
517 1248 575 1308 erit
596 1247 818 1326 exponendum;
843 1245 979 1308 hocloco
996 1245 1225 1308 satishabemus
1247 1246 1412 1323 inquirere,

229 1367 232 1372 ·
294 1350 359 1426 quis
382 1368 417 1409 ex
441 1349 642 1428 st'mendiariis
664 1348 784 1410 Latinos
807 1348 971 1430 reddiderit
993 1350 1161 1409 Vocontios.
1205 1347 1415 1408 Recensentnr

293 1456 391 1510 autem
414 1451 491 1530 apud
514 1453 677 1531 scriptores
707 1451 815 1531 oppida
837 1449 940 1511 Latina
962 1451 1071 1510 Vasio
1100 1456 1130 1510 et
1151 1448 1268 1512 Lucus
1289 1453 1412 1528 Angu-

294 1554 357 1622 sti,
381 1551 488 1630 quibus
511 1571 547 1613 ex
569 1551 813 1632 inscriptionibus
836 1552 950 1613 accedit
972 1552 1043 1613 Dea
1057 1553 1234 1638 Augusta.
1280 1553 1324 1612 Ex
1346 1553 1414 1630 qui-

293 1652 348 1714 bus
370 1673 438 1714 cum
460 1653 555 1716 Lucus
578 1662 608 1715 et
629 1655 689 1716 Dea
710 1672 819 1715 nomen
841 1655 964 1732 Augusti
985 1660 1088 1732 aperte
1110 1655 1320 1734 profiteantur,
1343 1665 1414 1715 ‘non

292 1754 475 1824 dubitamus,
505 1754 542 1816 ab
564 1757 695 1834 Augusto
723 1754 830 1816 horum
857 1755 1035 1836 oppidorum
1062 1757 1108 1816 ius
1136 1762 1281 1835 repetere.
1327 1755 1413 1828 Quod

294 1876 365 1918 vero
389 1859 475 1918 Vasio
497 1858 530 1918 in
551 1856 700 1937 lapidibus
722 1857 830 1919 dicitur
853 1856 967 1918 colonia
982 1857 1056 1919 lulia
1071 1859 1200 1935 Augusta
1214 1859 1412 1930 Vasiensinnr,

293 1977 393 2021 nonne
416 1978 451 2020 eo
473 1961 539 2040 ipso
567 1960 738 2022 discrimine
768 1960 883 2020 videtur
913 1959 1088 2038 significari,
1119 1961 1277 2022 Vasionem
1308 1962 1368 2022 iam
1395 1979 1413 2023 a

294 2062 419 2123 Caesare
442 2081 509 2123 esse
531 2064 729 2132 constitutam,
754 2061 870 2132 deinde,
895 2081 962 2122 cum
984 2061 1039 2122 snb
1061 2062 1191 2140 Augusto
1214 2069 1308 2133 esset,
1332 2063 1413 2143 quod

293 2165 401 2225 iterum
424 2164 460 2224 de
477 2165 627 2225 Vocontiis
650 2163 872 2233 decerneretur,
897 2163 1001 2224 eodem
1023 2171 1159 2243 tempore
1181 2181 1239 2241 quo
1261 2164 1319 2225 duo
1335 2183 1413 2226 nova

294 2267 403 2344 oppida
431 2267 462 2327 in
490 2267 527 2326 iis
555 2266 673 2326 condita
700 2273 784 2336 sunt,
820 2267 976 2327 Vasionem
1004 2283 1122 2343 quoque
1148 2269 1233 2326 novis
1260 2266 1413 2328 beneficiis

293 2368 394 2429 nescio
418 2367 525 2444 quibus
548 2385 615 2428 esse
637 2368 775 2430 donatam
798 2365 837 2428 ob
860 2384 953 2444 eaque
976 2365 1143 2445 cognomini
1166 2367 1299 2431 coloniae
1321 2368 1413 2430 iuliae

294 2468 438 2529 adiecisse
456 2470 634 2532 memoriam
656 2470 797 2547 Augusti?
841 2452 943 2547 ltaque
966 2469 1107 2547 quidquid
1129 2477 1286 2548 praeterea
1302 2472 1338 2532 de
1355 2473 1412 2532 Vo-

294 2572 401 2632 contiis
423 2571 525 2633 statuit
540 2571 657 2640 Caesar,
681 2572 752 2648 quin
775 2589 878 2632 eorum
901 2588 1018 2649 quoque
1040 2573 1202 2652 pristinum
1217 2579 1324 2634 statum
1347 2591 1411 2636 mn·

292 2673 400 2734 taverit
421 2679 450 2733 et
473 2673 629 2734 Vasionem
651 2672 752 2752 oppidi
774 2671 871 2734 Latini
891 2675 958 2734 iure
980 2674 1181 2744 constituerit,
1213 2693 1274 2737 non
1295 2674 1411 2736 dubito.

293 2765 394 2836 Liceat
408 2781 509 2836 autem
527 2774 696 2843 admonere,
714 2774 883 2836 foederatae
899 2776 1024 2836 civitatis
1038 2777 1084 2836 ins
1099 2777 1271 2837 necessario
1285 2778 1413 2856 praemii
1459 2855 1465 2868 Ι

293 2876 359 2937 loco
382 2875 539 2939 obvenisse
555 2877 661 2938 iisdem
676 2879 840 2947 Vocontiis,
865 2879 915 2954 qui
935 2877 1054 2939 Fonteii
1071 2883 1167 2938 aetate
1185 2883 1289 2938 contra
1303 2877 1412 2938 Roma·

293 2999 348 3042 nos
361 2979 586 3048 rebellaverant,
602 2978 681 3040 unde
697 2981 896 3057 consequitur,
914 2977 1012 3056 aliquo
1027 2987 1161 3059 tempore
1175 2987 1244 3059 post
1254 2980 1411 3042 Fonteium
1497 2977 1499 2979 ’

293 3083 403 3159 insigni
418 3075 506 3142 modo
529 3081 617 3143 iidem
632 3081 773 3142 Romanis
794 3086 979 3162 praestantes
1001 3083 1032 3142 in
1054 3083 1179 3160 gratiam
1201 3099 1253 3142 eos
1272 3081 1408 3143 rediisse.

294 3182 378 3254 Quod
406 3184 452 3242 vix
481 3181 538 3242 alio
566 3189 702 3262 tempore
729 3183 795 3244 fieri
822 3183 917 3261 potuit
951 3198 1038 3259 quam
1065 3185 1144 3244 inter
1171 3184 1305 3244 Caesaris
1333 3182 1411 3244 bella

294 3282 414 3351 Gallica,
438 3285 551 3343 sivein
574 3282 624 3343 illo
648 3285 899 3362 Vercingetorigis
914 3282 1006 3354 bello,
1032 3301 1089 3362 quo
1111 3286 1280 3364 provinciae
1302 3283 1411 3346 finibus

294 3381 395 3444 hostes
417 3386 724 3464 appropinquaverant
747 3384 992 3466 et'provinciales
1017 3402 1133 3464 quoque
1161 3387 1197 3447 ad
1231 3386 1410 3447 seditionem
1463 3377 1465 3382 ’
1569 3387 1571 3448 ἶ

293 3484 513 3547 lacessiverant.
558 3485 690 3548 Fuerunt
711 3489 812 3564 utique
828 3490 858 3548 in
878 3486 933 3548 bac
948 3506 1051 3549 caussa
1072 3487 1312 3565 Allobroges,
1336 3505 1412 3568 quos

295 3606 384 3666 supra
401 3587 439 3668 (p.
459 3584 508 3667 75)
526 3589 659 3658 vidimus,
684 3606 750 3650 cum
773 3607 789 3649 a
806 3590 1048 3668 Vercingetorige
1062 3607 1177 3650 summo
1193 3607 1284 3668 opere
1300 3589 1336 3650 ad
1359 3589 1410 3650 de·

294 3689 453 3749 sectionem
472 3690 591 3768 impulsi
608 3698 718 3760 essent,
735 3709 886 3770 nunquam
903 3691 1027 3752 desiisse
1045 3692 1154 3770 insigni
1166 3691 1254 3752 modo
1267 3690 1411 3770 Romanis

293 3788 383 3850 fidem
405 3807 532 3852 servare.
579 3791 734 3852 Habebant
760 3801 858 3854 autem
887 3811 943 3871 pro
972 3791 1068 3872 capite
1091 3794 1216 3854 civitatis
1239 3810 1309 3854 snae
1331 3791 1410 3854 Allo-

294 3891 403 3970 broges
431 3894 622 3962 Viennam,
653 3894 740 3954 sitam
768 3893 804 3953 ad
831 3892 967 3954 Rhodani
996 3896 1092 3972 ripam
1119 3897 1198 3955 inter
1227 3895 1412 3962 confluentes
1446 3889 1448 3893 ’

293 3995 391 4056 isarae
414 3989 583 4062 et'Araris3
615 3994 702 4054 atde
726 3996 903 4056 Viennensis
931 3994 1050 4072 quidem
1076 3997 1153 4056 iuris
1175 3997 1290 4074 origine
1312 4013 1411 4074 neque

294 4097 455 4176 scriptores
478 4113 575 4174 neque
597 4096 710 4175 lapides
723 4098 871 4176 inscripti,
895 4113 1073 4174 quamquam
1089 4115 1214 4176 magnus
1233 4097 1338 4158 horum
1355 4117 1411 4160 nu-

293 4216 394 4258 merus
415 4195 506 4259 hodie
530 4214 647 4276 qnoque
670 4204 762 4267 extat,
792 4199 934 4259 certiores
962 4216 1018 4259 nos
1046 4197 1172 4269 iaciunt,
1201 4199 1279 4260 unde
1301 4200 1348 4269 iit,
1378 4208 1413 4262 ut

294 4297 392 4359 denuo
416 4301 451 4360 ad
473 4319 664 4362 nummorum
687 4300 854 4360 testimonia
875 4302 913 4361 sit
934 4299 1151 4378 refugiendum.
1190 4301 1314 4380 Reperti
1329 4303 1412 4362 enim

242 4394 243 4397 ’
295 4407 365 4461 sunt
385 4400 463 4461 intra
484 4402 653 4480 provinciae
675 4402 749 4463 lines
779 4402 893 4462 nummi
919 4404 1005 4463 aenei
1034 4403 1170 4482 inseripti
1196 4403 1228 4462 in
1249 4407 1335 4482 parte
1358 4401 1411 4464 ad·
1490 4433 1494 4439 ·
