3148 5160
330 453 389 514 190
714 449 800 507 PARS
821 450 849 508 ll.
897 450 1004 508 utrvt
1025 449 1056 505 ll.

327 617 500 696 commercii
522 616 730 687 societatibus,
754 635 830 698 quae
852 635 927 686 non,
957 626 990 677 ut
1012 614 1199 693 vectigalium
1227 617 1386 678 societates
1413 617 1450 676 ad

324 718 475 836 publicam
491 720 579 781 vitam
599 721 758 800 pertinent.
799 719 914 836 Contra
941 718 978 779 de
1006 719 1052 778 rei
1072 719 1242 780 funerariae
1264 737 1372 780 caussa
1394 737 1450 780 cur

626 1006 657 1088 β)
681 1010 729 1071 De
752 1009 924 1070 ordinum
946 1007 1135 1086 gradibus.

410 1163 555 1225 Ordinum
576 1164 608 1224 in
630 1163 799 1242 municipiis
814 1163 988 1223 divisionem
1011 1164 1121 1242 optime
1144 1163 1319 1241 cognoveris
1343 1181 1378 1222 ex
1401 1165 1447 1223 in·
1481 1225 1485 1240 ‚

324 1267 485 1344 scriptione
514 1284 582 1326 arae
605 1264 809 1326 Narbonensis
837 1263 912 1344 (app.
937 1282 964 1325 n.
992 1263 1036 1344 ll:
1066 1263 1182 1325 dedicat
1202 1265 1335 1342 Augusto
1364 1281 1448 1324 aram

323 1366 409 1446 plebs
424 1367 641 1437 Narbonensis,
666 1368 747 1442 quod
762 1367 875 1426 iudicia
891 1367 989 1442 plebis
1009 1367 1217 1427 decurionibus
1237 1369 1448 1427 coniunxerit:

324 1468 535 1531 discernuntur
562 1471 654 1547 igitur
677 1469 854 1530 decuriones
876 1488 892 1529 a
913 1466 1016 1547 plebe,
1039 1468 1170 1545 indeque
1192 1468 1250 1529 duo
1274 1467 1448 1528 efficiuntur

323 1569 444 1631 ordines
469 1570 665 1632 decurionum
689 1578 718 1631 et
739 1567 936 1649 plebeiorum.
982 1569 1094 1631 Deinde
1116 1589 1171 1649 pro
1194 1568 1282 1649 plebe
1305 1588 1447 1630 sacrare

323 1671 488 1749 iunguntur
510 1679 570 1732 tres
591 1675 701 1747 equites
724 1691 743 1732 a
762 1672 848 1748 plebe
868 1679 897 1731 et
917 1676 977 1732 tres
995 1672 1141 1732 libertini:
1164 1689 1236 1750 ergo
1256 1671 1446 1749 distinguun-

321 1779 372 1833 tur
398 1774 477 1833 inter
507 1773 642 1852 plebeios
675 1773 798 1851 ingenui
827 1779 856 1832 et
882 1772 1031 1839 libertini,
1065 1774 1263 1852 ingenuorum
1292 1773 1447 1852 principes

322 1880 419 1934 autern
438 1881 507 1936 sunt
523 1877 574 1951 qui
596 1875 735 1935 dicuntur
758 1875 872 1952 equites
895 1894 909 1935 a
933 1873 1037 1954 plebe,
1061 1873 1170 1952 quibus
1192 1877 1362 1936 necessario
1391 1892 1445 1954 op·

322 1975 491 2054 ponendum
516 1983 561 2036 est
583 1975 709 2037 alterum
730 1978 862 2056 equitum
880 1993 975 2054 genus
992 1976 1129 2037 altiorem
1143 1976 1294 2054 dignitatis
1317 1976 1445 2055 gradum

321 2077 469 2142 obtinens.
512 2077 627 2138 Pendet
655 2080 746 2156 igitur
769 2077 907 2140 ordinum
934 2077 1038 2138 divisio
1069 2095 1105 2138 ex
1133 2083 1212 2139 statu
1234 2077 1382 2140 libertatis
1404 2085 1445 2149 et,

322 2197 389 2239 cum
418 2187 478 2240 tam
501 2179 712 2240 decurionatus
735 2196 823 2257 quam
846 2180 993 2256 equestris
1016 2179 1141 2257 dignitas
1164 2180 1312 2260 quendam
1334 2182 1380 2240 rei
1401 2180 1444 2239 la-

321 2279 443 2341 miliaris
459 2280 580 2342 modum
603 2288 760 2360 supponat,
785 2299 944 2350 escensu,
968 2280 1104 2359 ideoque,
1129 2301 1196 2343 curn
1213 2298 1288 2359 quae
1303 2281 1445 2342 Narbone

320 2382 495 2452 invenimus,
520 2382 659 2444 omnibus
681 2384 1041 2464 municipiiscommunia
1064 2385 1136 2453 sint,
1160 2387 1191 2445 in
1213 2381 1353 2443 omnibus
1376 2401 1441 2442 mu-

320 2483 437 2561 nicipiis
465 2482 665 2563 distinguendi
687 2492 756 2546 sunt
778 2485 837 2545 duo
864 2483 1001 2554 ordines,
1030 2484 1215 2564 plebeiorum
1244 2483 1335 2553 alter,
1366 2483 1442 2543 alter

320 2583 531 2654 decurionum,
556 2593 585 2646 et
608 2593 707 2647 extant
729 2585 851 2648 honoris
873 2586 984 2665 gradus
1005 2593 1064 2648 tarn
1090 2588 1169 2647 inter
1190 2584 1325 2665 plebeios
1353 2603 1443 2716 quam

319 2685 397 2746 inter
420 2685 606 2748 decuriones

403 2805 447 2867 Ab
475 2805 531 2868 hoc
559 2806 750 2867 fundamento
779 2808 1002 2886 proficiscentes
1036 2809 1061 2868 si
1088 2808 1218 2888 primum
1246 2807 1298 2883 qui
1327 2805 1442 2867 decu·

318 2909 466 2969 rionum
490 2907 601 2968 ordinis
623 2908 733 2986 gradus
756 2909 868 2971 luerint
890 2911 1075 2988 quaerimus,
1101 2916 1169 2969 ante
1192 2910 1291 2970 omnia
1307 2915 1442 2970 statuen-

318 3010 389 3071 dum
412 3017 471 3080 est,
497 3009 568 3087 quid
592 3009 723 3070 ellecerit
746 3011 942 3072 decurionum
965 3030 980 3072 a
1003 3009 1128 3089 plebeiis
1151 3009 1322 3077 discrimen.
1367 3010 1440 3071 Elii·

319 3112 414 3173 ciebat
436 3113 569 3190 receptio
591 3113 622 3171 in
645 3111 744 3173 album
768 3113 973 3181 decurionum,
999 3113 1122 3191 eiusque
1139 3113 1321 3191 receptionis
1336 3111 1441 3172 condi·

318 3215 419 3273 ciones
442 3219 526 3274 erant
548 3219 667 3292 praeter
690 3219 825 3284 aetatem,
849 3214 886 3274 de
909 3231 966 3291 qua
988 3215 1066 3274 inira
1082 3215 1139 3275 erit
1153 3213 1322 3283 dicendum,
1343 3213 1442 3292 ipsius

318 3314 512 3392 recipiendi
504 3316 639 3391 mgenuit
640 3311 730 3396 a,s⁸9)
753 3317 830 3375 vitae
852 3317 1021 3394 integritas
1045 3314 1169 3376 honesta
1186 3321 1328 3392 quaestus
1349 3315 1439 3384 ratio,

319 3432 427 3475 census
449 3414 592 3493 denique,
617 3417 681 3493 qui,
705 3415 877 3493 ubicunque
906 3419 968 3477 sive
996 3424 1246 3478 commemoratur
1275 3417 1337 3476 sive
1365 3434 1439 3494 sup
1491 3433 1501 3448 ·

316 3518 452 3596 ponitur,
477 3526 597 3579 centum
620 3517 735 3578 milium
757 3521 874 3579 sestert'
854 3526 965 3580 trorum
988 3537 1055 3580 esse
1070 3518 1209 3580 dicitur
1200 3535 1287 3596 isque
1303 3503 1440 3579 orirnium

321 3692 486 3708 -l—-—--.--...
494 3701 624 3709 ...Μ

384 3805 431 3872 89)
460 3806 501 3857 Ad
525 3808 644 3858 bonores
666 3807 770 3858 Romae
795 3807 987 3873 adipiscendos
1010 3817 1125 3858 necesse
1150 3809 1211 3880 eret
1233 3810 1309 3858 esset
1332 3806 1439 3870 aliquis

316 3891 453 3958 ingennus
471 3893 531 3957 ipse
550 3896 631 3958 petre
656 3907 776 3957 avoque3
801 3892 849 3944 sed
874 3892 909 3942 ad
930 3893 1047 3943 honores
1071 3892 1255 3957 municipales
1279 3891 1351 3942 setis
1376 3895 1440 3941 erat

318 3981 392 4026 esset
414 3977 550 4042 ingenuus
574 3978 634 4041 ipse
658 3977 705 4041 qui
729 3978 853 4042 gerebat.
893 3978 992 4042 Itaque
1010 3976 1038 4030 S.
1056 3975 1174 4026 Fadium
1191 3977 1262 4041 Pup.
1281 3975 1439 4026 Secundum

316 4060 424 4111 Musam
442 4058 521 4126 (epp.
540 4077 566 4111 n.
587 4059 641 4124 18),
661 4063 709 4124 qui
728 4077 788 4112 cnm
806 4064 914 4126 patrem
930 4076 985 4111 non
1003 4060 1123 4120 indicet,
1146 4060 1272 4110 libertini
1295 4059 1370 4110 bend
1386 4059 1440 4110 du-

317 4146 363 4195 bie
380 4144 453 4196 filius
473 4148 546 4202 erat,
565 4145 692 4196 omnibus
709 4146 838 4196 Narbone
856 4146 1005 4214 honoribus
1017 4145 1140 4196 videmus
1159 4160 1221 4195 esse
1239 4145 1376 4196 functum.
1394 4143 1441 4193 Ex

317 4229 413 4280 eadem
438 4245 537 4282 caussa
561 4229 759 4295 explicaveris,
783 4223 855 4294 quod
878 4231 908 4280 in
925 4230 1135 4295 municipalium
1157 4229 1372 4295 magistratuum
1397 4231 1441 4279 in·

316 4315 513 4378 scriptionibus
535 4315 624 4380 petris
643 4315 751 4379 quidem
769 4315 884 4380 ingenui
902 4315 1039 4379 professio
1059 4315 1208 4365 communis
1228 4318 1281 4378 est,
1301 4329 1369 4364 reru
1388 4330 1439 4366 eu-

317 4401 372 4446 tem
390 4397 525 4448 indicatio
544 4399 600 4452 avi.
