3148 5160
322 472 383 535 186
708 469 791 525 PARS
813 470 841 526 ll.
888 469 995 526 GAPVT
1018 469 1048 524 lt.

320 636 466 714 didisque.
512 635 672 697 Sordidum
687 621 846 714 'Cicero⁸⁵)
877 635 1006 716 appellat
1033 644 1196 716 quaestum
1218 638 1438 716 operariorum,

321 738 472 800 sordidum
496 757 585 798 omne
608 738 773 817 opificium,
798 737 949 800 sordidam
972 746 1186 809 mercaturam,
1219 741 1244 799 si
1268 741 1368 800 tenuis
1392 741 1438 807 sit,

320 840 455 901 sordidas
478 859 528 900 eas
551 847 643 910 arten,
668 840 776 918 quibus
799 859 859 900 non
882 843 975 901 maior
998 841 1070 902 insit
1091 840 1249 920 prudentia
1271 843 1335 901 sire
1363 859 1440 920 quae

320 961 380 1003 non
402 944 517 1022 positae
542 943 601 1002 sint
622 943 652 1002 in
675 941 756 1002 cultu
777 943 905 1019 ingenii,
934 944 1011 1004 sicut
1039 942 1201 1021 medicina,
1230 941 1438 1012 architectura,

319 1044 454 1106 doctrina
476 1063 579 1105 rerum
602 1043 810 1114 honestarum,
842 1053 871 1104 et
892 1044 947 1105 bae
970 1061 1090 1122 quoque
1112 1050 1191 1105 artes
1212 1044 1356 1106 honestae
1379 1063 1440 1105 nou

320 1153 390 1208 sunt
410 1148 468 1207 nisi
491 1147 543 1216 iis,
569 1163 696 1223 quorum
721 1145 819 1206 ordini
841 1148 1029 1207 conveniunt.
1075 1146 1168 1224 Digna
1195 1145 1290 1206 bbero
1317 1145 1440 1206 bomine

320 1256 349 1310 et
372 1246 512 1309 omnibus
534 1247 690 1308 ordinibus
712 1247 838 1309 honesta
861 1266 919 1309 una
942 1256 987 1309 est
1009 1247 1203 1326 agricultura,
1227 1248 1317 1326 digna
1339 1255 1439 1310 autem

318 1352 370 1419 iis,
395 1352 528 1430 quinon
552 1352 660 1410 summi
687 1350 802 1410 ordinis
825 1358 909 1420 sunt,
934 1357 1101 1412 mercatura
1130 1367 1248 1429 quoque
1276 1367 1383 1428 magna
1412 1357 1441 1410 et

320 1453 449 1530 copiosa.
496 1451 581 1523 Quod
604 1452 747 1513 iudicium
771 1469 947 1531 expressum
970 1471 987 1512 a
1010 1453 1088 1521 riro,
1113 1454 1165 1529 qui
1186 1454 1265 1512 iuter
1287 1453 1440 1531 principes

320 1561 383 1614 erat
405 1554 495 1632 primi
519 1552 647 1623 ordinis,
672 1553 757 1614 facile
778 1553 962 1632 intellegitur
983 1572 1044 1614 non
1068 1554 1172 1614 eodem
1188 1555 1289 1630 rigore
1311 1552 1441 1613 valuisse

321 1657 352 1716 in
374 1656 535 1736 provinciis
558 1655 636 1734 apud
660 1654 796 1716 homines
824 1653 1034 1734 municipales,
1063 1662 1152 1734 atque
1174 1673 1257 1734 quae·
1278 1671 1315 1714 ex
1343 1654 1439 1715 sordi·

311 1756 364 1817 dis
387 1755 446 1817 illis
469 1755 583 1817 artibus
607 1755 817 1832 acquirebatur
845 1759 986 1836 pecnnia,
1017 1775 1081 1816 eam
1108 1757 1186 1817 inter
1214 1756 1349 1818 locorum
1369 1775 1440 1836 pos·

319 1860 483 1920 sessionem
520 1857 734 1919 modestiorem
766 1877 826 1919 non
857 1859 938 1918 omni
971 1860 1103 1919 caruisse
1136 1860 1349 1920 aestimatione.
1404 1861 1442 1920 nt

317 1963 439 2039 ingenui
461 1959 593 2020 bominis
616 1978 677 2021 uon
701 1979 766 2021 esse
784 1960 929 2021 eiusmodi
945 1965 1101 2037 quaestum
1118 1961 1229 2030 lacere,
1254 1966 1441 2038 quantopere

317 2065 348 2124 in
370 2063 531 2142 provinciis
555 2078 675 2141 quoque
698 2062 874 2132 obtinuerit,
898 2063 994 2123 nostri
1016 2060 1130 2141 lapides
1156 2062 1292 2141 inscripti
1320 2061 1441 2122 abunde

319 2165 540 2226 demonstrant:
564 2166 692 2243 primum
716 2165 810 2233 enirn,
835 2165 886 2240 qui
909 2164 1031 2242 opitices
1054 2163 1191 2241 vulgares
1213 2182 1272 2225 non
1298 2163 1442 2242 adscripti

319 2274 388 2328 sunt
421 2265 570 2343 collegiis,
605 2272 654 2326 aut
687 2265 797 2326 diserte
831 2264 954 2326 libertos
989 2283 1021 2326 se
1050 2283 1116 2326 esse
1144 2265 1275 2325 indicant
1303 2271 1354 2324 aut
1382 2267 1441 2326 tria

319 2367 438 2445 quidem
467 2367 588 2427 nomina
614 2367 809 2445 profitentur,
847 2367 901 2429 sed
935 2369 1044 2427 omisso
1073 2367 1166 2445 patris
1197 2368 1317 2427 nomine
1346 2369 1439 2428 omis·

289 2524 292 2530 .
319 2487 409 2549 saque
446 2469 482 2530 ab
518 2469 569 2537 iio,
605 2470 656 2546 qui
691 2470 721 2527 in
759 2467 876 2529 colonia
910 2470 1017 2530 civium
1044 2468 1246 2529 Romanorum
1281 2468 1438 2546 degebant,

319 2569 414 2640 tribu,
447 2570 520 2648 quin
553 2569 689 2629 nonnulli
721 2569 768 2629 vel
804 2587 885 2630 mera
920 2571 1097 2649 cognomina
1124 2570 1271 2638 indicant;
1301 2573 1354 2647 qui
1387 2571 1438 2630 de·

318 2671 388 2733 inde
417 2671 567 2750 corporati
595 2672 655 2731 sive
684 2670 815 2749 collegiis
844 2671 985 2751 adscripti
1019 2680 1103 2742 sunt,
1136 2673 1208 2733 item
1238 2689 1343 2732 onmes
1371 2679 1443 2734 sunt

318 2773 463 2841 libertini,
487 2788 586 2848 neque
608 2774 708 2834 minus
731 2774 756 2833 si
779 2774 830 2850 qui
854 2791 903 2834 eas
925 2781 1005 2835 artes
1027 2774 1219 2853 profitentur,
1243 2789 1319 2850 quas
1334 2773 1440 2834 Cicero

319 2875 390 2936 dicit
412 2873 553 2935 honestas
577 2875 604 2934 ei
626 2874 726 2934 ordini
748 2877 796 2935 cui
819 2877 1012 2943 conveniunt,
1044 2875 1177 2936 ridemus
1200 2873 1338 2936 ordinem
1359 2874 1442 2936 hune

320 2994 387 3038 esse
415 2975 601 3037 libertorum.
648 2975 739 3038 Cuius
766 2981 885 3055 generis
912 2983 982 3038 sunt
1010 2976 1118 3037 medici
1140 2975 1285 3038 CaecilIus
1314 2976 1443 3056 Optatus

320 3077 454 3140 coloniae
469 3077 681 3139 Nemausensis
697 3078 735 3160 (u.
754 3076 840 3157 157),
864 3077 897 3138 L.
914 3079 1073 3157 Pompeius
1094 3078 1126 3138 L.
1144 3077 1163 3138 l.
1186 3077 1303 3139 Diocles
1320 3078 1359 3160 (u.
1378 3077 1441 3158 65),

320 3163 466 3240 Lucceius
488 3178 597 3240 Philini
627 3178 753 3242 libertus
783 3180 826 3259 (n.
852 3180 922 3260 66),
952 3179 1050 3240 Flavia
1079 3179 1202 3240 Hedone
1232 3178 1274 3258 (u.
1300 3176 1442 3260 230)⁸⁶),

319 3283 394 3343 iuris
417 3280 568 3342 studiosus
592 3281 625 3352 Q.
650 3281 784 3344 Valerius
806 3281 919 3342 Virillio
944 3281 982 3361 (n.
1007 3279 1095 3359 226),
1119 3282 1194 3342 iuris
1216 3281 1321 3342 doctor
1343 3283 1441 3344 nomi-

388 3483 432 3550 85)
451 3483 509 3537 Cio.
530 3482 657 3535 deoida.
677 3486 704 3547 1,
724 3485 770 3548 42,
791 3485 841 3535 150
858 3497 897 3548 sq.

302 3587 304 3592 ·
389 3567 431 3632 86)
452 3567 506 3630 Qui
523 3567 624 3620 medici
640 3569 742 3634 purtim
760 3568 889 3633 privatim
908 3573 998 3618 artem
1011 3568 1194 3633 exercebant,
1214 3569 1316 3635 partim
1335 3585 1352 3619 a
1371 3571 1442 3621 ciri-

321 3653 427 3703 tatibne
447 3657 526 3702 erant
544 3653 697 3702 constituti.
723 3653 772 3704 cfr.
792 3652 892 3702 Strabo
910 3653 958 3706 IV.
975 3669 1002 3719 p.
1017 3655 1073 3706 181.
1092 3654 1124 3707 L.
1140 3655 1152 3702 1
1171 3653 1236 3718 Dig.
1255 3654 1290 3703 da
1309 3653 1384 3708 decr.
1403 3653 1441 3704 sb

321 3736 378 3788 ord.
397 3737 453 3788 iac.
472 3736 532 3799 (50,
551 3735 598 3799 ei:
623 3737 782 3787 Medicorum
804 3739 873 3787 intra
890 3754 1016 3788 numerum
1031 3740 1192 3804 praefinitum
1208 3741 1443 3790 constituendorum

321 3822 452 3872 arbitrium
464 3837 514 3871 non
531 3823 650 3885 praesidi
658 3823 806 3887 prouinciae
819 3824 971 3872 coministrum
984 3830 1037 3887 est,
1054 3825 1102 3873 sed
1113 3825 1200 3873 ordini
1210 3829 1236 3872 et
1246 3823 1443 3888 possessoribus

320 3907 437 3972 cuiusque
447 3907 565 3968 ciuitatis,
579 3912 606 3955 ut
618 3908 683 3956 certi
694 3908 726 3956 de
737 3907 867 3971 probitate
879 3922 973 3958 morum
986 3915 1011 3959 et
1021 3910 1117 3973 peritia
1129 3911 1195 3958 ortis
1207 3910 1303 3974 eligant
1314 3910 1374 3972 ipsi,
1386 3913 1442 3974 qui-

320 3991 365 4042 bus
376 4007 404 4042 se
417 3991 560 4056 liberosque
572 4005 633 4040 suos
650 3993 676 4040 in
688 3993 848 4056 nepritudine
866 4008 1002 4057 corporum
1019 3994 1179 4046 committunt.
1200 3993 1235 4046 L.
1252 3994 1269 4042 4
1287 3993 1311 4054 ξ.
1332 3994 1361 4041 1;
1390 4009 1444 4042 urn-

320 4076 412 4128 biliosa
425 4077 532 4126 decreto
544 4076 704 4126 decurionum
715 4077 830 4127 rescindi
841 4078 948 4135 debent:
967 4104 999 4114 —
1017 4078 1041 4139 ξ.
1055 4080 1084 4126 2:
1102 4079 1150 4127 sed
1166 4080 1215 4127 etsi
1230 4079 1353 4127 salarium
1365 4079 1446 4128 utiensi

219 4226 222 4232 Ι
319 4157 470 4211 decuriones
483 4161 654 4220 decreverint,
668 4161 796 4212 decretum
808 4163 836 4212 id
847 4178 1022 4228 nonnunquam
1034 4163 1107 4211 ullius
1119 4165 1170 4210 erit
1182 4164 1314 4220 momenti,
1332 4167 1361 4210 ut
1375 4167 1445 4226 puta

319 4247 343 4294 si
353 4245 385 4294 ob
397 4245 526 4296 liberalem
537 4252 618 4294 ortem
627 4245 708 4306 fuerit
720 4249 879 4298 constitutum
895 4249 934 4296 uel
945 4247 975 4298 ob
993 4248 1155 4304 medimnum,-
1173 4247 1204 4298 ob
1221 4247 1268 4296 bus
1285 4247 1353 4296 enirn
1369 4263 1446 4298 carm·

319 4344 363 4378 sus
375 4329 433 4378 licet
445 4331 565 4379 constitui
574 4333 681 4380 solaria.
704 4331 747 4380 Ex
764 4331 815 4382 hoe
833 4331 894 4381 loeo
912 4331 1001 4396 possis
1011 4330 1156 4396 suspicari,
1172 4331 1333 4394 quicunque
1353 4335 1448 4383 artem

319 4411 463 4464 liberalem
481 4412 642 4478 profitentur
660 4415 688 4464 in
706 4414 859 4480 lapidibus,
878 4415 1002 4466 homines
1025 4415 1114 4464 inisse
1132 4415 1244 4480 publice
1264 4418 1449 4469 constitutos.
