3148 5160
339 426 401 488 232
720 422 803 477 l'bllb'
827 421 855 477 ll.
897 419 1005 477 clrv'r
1028 419 1058 478 ΙΙ.

340 610 412 652 nera
443 591 640 670 susciperent.
684 591 720 650 lt
747 589 824 649 sicut
857 589 915 648 iarn
943 587 998 648 sub
1031 588 1158 650 Traiano
1188 598 1350 668 coeperant
1384 609 1452 659 esse,

341 694 392 772 qui
414 694 495 752 inviti
524 693 715 769 magistratus
744 690 896 759 subirent,
927 674 968 750 ita
997 709 1121 752 munera
1149 710 1268 771 quoque
1297 690 1334 752 ab
1362 693 1454 752 inritis

339 792 493 874 paullatim
516 792 739 854 sustinebantur
760 792 850 873 idque
871 811 906 852 eo
929 794 1036 869 magis,
1060 792 1140 872 quod
1163 812 1201 853 ne
1223 792 1374 870 dignitatis
1396 795 1454 871 qid-

340 896 409 958 dem
433 894 537 956 titulus
561 913 627 956 cunr
650 895 687 954 iis
711 900 775 954 erat
796 895 922 954 iunctus.
961 894 1081 955 Accedit
1103 894 1181 973 quod
1204 913 1364 956 muncrum
1385 895 1454 956 mul-

340 998 435 1058 titudo
458 999 488 1058 in
512 1014 604 1056 annos
627 997 722 1056 maior
744 1003 823 1064 erat,
853 1003 942 1075 atque
966 1015 1014 1065 ea,
1044 1013 1119 1073 quae
1146 1016 1203 1076 pro
1225 999 1387 1076 municipio
1408 997 1475 1061 de.

340 1100 412 1162 bant
441 1106 470 1159 et
498 1098 535 1158 de
563 1097 672 1179 quibus
699 1097 756 1158 boc
784 1097 850 1159 loco
878 1098 950 1158 solis
978 1098 1107 1176 agimus,
1142 1100 1239 1160 minor
1272 1118 1343 1178 pars
1377 1106 1455 1160 erant
1550 1183 1551 1188 γ

341 1220 467 1262 onerum
489 1201 706 1280 impositorum.
751 1199 818 1279 ipsa
840 1198 904 1269 illa,
934 1200 971 1260 dc
999 1200 1108 1278 quibus
1129 1201 1272 1279 Ulpianus
1300 1201 1373 1262 dicit
1394 1220 1453 1262 mn·
1550 1263 1551 1272 y

341 1321 429 1373 nera,
459 1321 518 1363 non
548 1303 702 1380 municipii
724 1320 829 1363 caussa
857 1301 909 1362 sed
930 1301 1050 1380 publice
1071 1320 1127 1381 pro
1150 1304 1276 1382 imperio
1300 1311 1384 1364 erant
1405 1305 1453 1364 im·
1550 1323 1551 1326 ¹

341 1406 439 1484 posita
463 1411 492 1465 et
514 1403 570 1464 boe
593 1403 719 1464 alterum
743 1421 902 1465 munerum
924 1420 1020 1482 genus
1042 1406 1137 1482 magis
1159 1423 1247 1483 quam
1270 1406 1369 1466 omnia
1389 1403 1452 1464 reli·
1550 1387 1551 1400 ¹

343 1524 400 1584 qna
429 1504 559 1584 perdidit
586 1506 816 1584 municipiorum
844 1511 962 1567 statum.
1014 1506 1056 1568 De
1084 1505 1131 1566 bis
1159 1512 1258 1568 autem
1287 1505 1453 1567 muneribus
1550 1523 1551 1526 ¹

342 1608 420 1668 inira
444 1607 515 1678 erit,
541 1606 618 1685 quod
642 1606 784 1667 dicamus.

703 1851 733 1905 ’1.
776 1850 827 1906 De
847 1850 951 1906 rebus
974 1848 1091 1908 saorla.

428 2017 470 2076 Ex
499 2014 580 2077 nulla
609 2012 665 2074 alia
688 2032 721 2074 re
743 2013 859 2074 lacilius
881 2017 1086 2094 perspexeris
1117 2033 1205 2093 quam
1233 2015 1368 2078 funditus
1393 2021 1452 2096 post
1552 2017 1553 2026 ’

344 2119 499 2180 Gaesarem
518 2124 634 2178 veteres
649 2135 749 2177 mores
763 2117 945 2195 propriaque
967 2116 1174 2195 indigenarum
1189 2117 1324 2179 instituta
1345 2120 1449 2180 institn·
1551 2157 1553 2204 q

334 2221 380 2304 tis
400 2219 593 2297 moribusque
610 2217 752 2278 Romanis
770 2219 829 2278 sint
848 2235 964 2304 eversa,
984 2237 1071 2298 quarn
1090 2238 1124 2280 er
1148 2218 1343 2297 religionibus
1357 2221 1450 2282 rebus'·

343 2340 402 2400 qne
425 2323 526 2382 sacris.
573 2320 629 2381 Ubi
644 2322 775 2399 primum
790 2338 878 2380 omne
893 2321 1064 2400 provinciae
1080 2319 1175 2381 solum
1192 2320 1317 2383 coloniis
1332 2321 1449 2402 oppidis·
1553 2307 1554 2364 i

344 2441 402 2502 que
417 2422 518 2483 italico
534 2421 622 2482 modo
638 2423 805 2482 constitutis
829 2428 892 2482 erat
915 2430 1106 2501 coopertum,
1119 2405 1214 2482 =locus
1236 2441 1296 2484 non
1319 2426 1376 2484 iam
1396 2427 1451 2483 erat

345 2523 524 2584 Druidarum
552 2521 704 2600 religioni,
738 2533 769 2585 ut
797 2539 873 2600 quae
901 2525 1063 2602 agrestium
1086 2522 1240 2585 hominum
1263 2527 1362 2604 potius
1383 2531 1450 2584 essct

346 2643 435 2703 qnam
457 2623 683 2703 oppidanorum,
708 2632 796 2702 atque
819 2624 952 2686 sublatae
976 2645 991 2685 e
1010 2624 1107 2686 media
1121 2627 1272 2705 provincia
1288 2646 1348 2687 non
1367 2628 1392 2686 vi
1406 2623 1448 2686 sed

344 2728 410 2807 ipso
425 2727 503 2788 lacto
519 2733 636 2786 veteres
651 2724 811 2804 religiones
828 2727 1028 2806 conlegerunt
1042 2729 1120 2788 inter
1132 2745 1264 2807 paganos
1279 2729 1339 2808 (nn.
1348 2733 1385 2796 78
1392 2727 1447 2806 sq),

344 2831 374 2890 in
391 2834 507 2889 montes
520 2827 688 2908 Pyrenaeos
704 2828 819 2908 (appp.
830 2826 879 2907 58)
897 2835 926 2890 et
941 2829 1083 2890 interiora
1097 2828 1221 2898 Galliac;
1242 2832 1329 2909 siqui
1341 2826 1449 2889 verodii

345 2931 501 3009 indigenae
520 2948 557 2990 ne
574 2937 637 2990 tum
653 2929 771 3008 quidem
783 2926 850 2991 loco
864 2930 1016 3001 cedebant,
1033 2930 1151 2992 Latinas
1170 2929 1447 3010 appellationesba·

345 3034 424 3093 tinos
437 3033 513 3092 ritus
528 3031 677 3092 debebant
689 3030 826 3102 tolerare,
840 3033 869 3094 in
884 3032 1008 3093 deorum
1021 3033 1195 3093 Latinorum
1209 3032 1332 3094 tutelam
1345 3051 1376 3094 se
1389 3049 1447 3092 con·

345 3136 435 3195 serre.
474 3134 564 3209 Cuius
585 3135 703 3210 generis
719 3141 788 3193 sunt
803 3134 916 3213 lupiter
930 3135 1011 3194 Axur
1028 3135 1066 3216 (n.
1083 3134 1165 3213 446),
1182 3132 1327 3195 Hercules
1341 3132 1448 3194 Tolosa·
1553 3127 1555 3162 ³

345 3253 403 3296 nus
418 3234 572 3294 Andossus
588 3236 714 3296 invictus
731 3231 822 3313 (282),
847 3234 983 3295 Silvanus
1007 3243 1036 3296 et
1053 3244 1169 3297 montes
1185 3236 1293 3297 Nimidi
1310 3237 1398 3318 (283),
1417 3233 1450 3293 dii
1554 3269 1555 3276 2

346 3337 528 3405 Nemausus,
545 3336 645 3404 Urnia,
662 3338 820 3398 Aricantus
835 3338 927 3396 iuncti
942 3337 1011 3406 lovi,
1028 3337 1186 3406 Minervae,
1203 3337 1332 3409 Silvano,
1348 3337 1449 3402 Libero,
1554 3317 1555 3366 ³

347 3436 456 3498 Solivia
479 3436 618 3498 ldennica
641 3438 786 3507 Minerva,
815 3441 966 3515 Angustus
993 3439 1072 3499 Mars
1096 3440 1243 3499 Britovius
1267 3441 1332 3508 (nn.
1357 3441 1447 3506 236—
1554 3467 1555 3520 r

346 3541 435 3617 245),
458 3539 537 3599 llars
559 3541 711 3617 Angustus
734 3540 864 3600 Lacavus
889 3537 986 3618 (261),
1018 3539 1149 3601 bellinus
1172 3542 1232 3600 sive
1257 3539 1383 3601 belenus
1403 3540 1449 3599 lu·
1553 3549 1555 3566 “

346 3635 452 3719 gustus
482 3643 568 3719 (503.
594 3647 664 3708 530.
697 3639 790 3718 532),
820 3639 974 3720 Nymphae
1001 3643 1150 3719 Augustae
1178 3641 1344 3702 Percernes
1372 3634 1450 3720 (443)
1552 3649 1555 3662 ⁴

346 3740 498 3821 Nymphae
521 3742 683 3803 Griselicae
707 3739 799 3822 (495).
844 3744 881 3803 lit
908 3744 1055 3821 potiorem
1083 3761 1172 3822 qnam
1194 3742 1250 3802 hae
1273 3743 1395 3803 deorum
1414 3741 1450 3799 in·
1554 3737 1555 3742 ’

347 3843 524 3920 digenarum
557 3844 702 3923 reliquiae
736 3842 833 3904 locum
867 3843 1041 3904 obtinebant
1073 3850 1103 3903 et
1135 3842 1254 3923 publica
1289 3845 1451 3905 auctoritate

346 3947 453 4006 muniti
481 3953 567 4005 erant
602 3945 642 4004 dii
674 3943 802 4026 Olympii
829 3945 1012 4006 Graecorum
1039 3944 1317 4025 Romanorumque,
1355 3944 1450 4024 iupiter

347 4046 483 4126 Optimus
512 4047 657 4107 Maximus
691 4049 842 4126 ceterique
877 4047 916 4107 dii
949 4048 1080 4126 deaeque
1107 4046 1292 4108 immortales
1321 4048 1358 4126 (n.
1381 4037 1450 4119 541),

347 4150 398 4226 qui
419 4154 576 4227 postquam
592 4147 702 4208 Romae
725 4150 872 4208 civitatem
895 4151 974 4209 nacti
997 4157 1075 4218 sunt,
1100 4151 1182 4227 signa
1205 4151 1387 4210 exercituum
1402 4145 1450 4204 llo·

347 4268 502 4310 manorum
531 4252 561 4310 in
596 4251 762 4329 provincias
798 4249 996 4310 occidentales
1024 4248 1331 4330 septentrionalesque
1359 4261 1448 4324 seque·
1553 4277 1555 4330 y

347 4347 456 4411 bantur
480 4369 577 4430 neque
606 4351 662 4412 alio
691 4350 750 4412 ullo
780 4351 845 4411 loco
875 4352 990 4412 facilius
1018 4358 1158 4431 poterant
1186 4353 1349 4412 consistere
1374 4360 1448 4426 quan
1553 4331 1555 4376 Ὗ
