3154 5162
508 459 590 518 PARS
610 462 639 518 ll.
685 462 790 520 CAPVT
813 463 841 520 ll.
1169 467 1227 529 161

124 624 274 686 Britannici
302 633 331 686 et
359 625 437 706 quod
461 625 628 688 Trebellius
656 627 748 689 Pollio
777 628 814 689 de
843 629 996 691 tribunatu
1018 632 1230 692 Vocontiorum

123 727 206 786 relert
227 728 376 788 Postumio
398 729 521 798 iuniori,
545 731 735 807 imperatoris
758 730 832 801 lilio,
856 728 985 810 datc²²),
1010 741 1148 812 apparot,
1172 735 1228 794 Vo-

22 813 24 884 l
123 830 227 889 contios
250 846 343 907 aeque
367 837 455 909 atque
477 812 648 902 foederatos
675 831 828 901 ulterioris
856 833 967 894 Galliae
997 833 1124 913 populos
1152 833 1228 894 mili·

23 969 24 1006 3
82 995 84 1001 ,
123 935 192 988 tasse
212 931 289 990 inter
313 930 421 991 auxilia
444 932 541 1010 iisque
565 939 594 991 et
610 935 772 1012 equitatum
790 946 819 995 et
833 934 995 1014 peditatum
1011 935 1226 1015 suppeditasse.

22 1055 23 1068 ³
124 1029 173 1088 lam
196 1049 262 1092 vero
285 1031 416 1110 reliquos
432 1033 551 1094 Latinos
575 1035 604 1094 in
620 1034 789 1112 legionibus
804 1036 949 1116 stipendia
966 1037 1109 1098 meruisse
1125 1056 1227 1116 quam·

122 1147 200 1207 quam
221 1153 280 1194 non
303 1133 416 1194 diserte
438 1135 575 1205 traditur,
600 1154 636 1195 ex
658 1137 903 1216 inscriptionibus
925 1144 1024 1199 tamen
1046 1158 1107 1199 non
1129 1145 1235 1217 potest

122 1251 178 1294 esse
200 1235 337 1305 dubium;
361 1253 489 1313 namque
512 1238 678 1298 invenimus
700 1240 731 1299 in
752 1237 900 1318 lapidibus
916 1243 1026 1301 nostris
1048 1238 1227 1318 legionarios

121 1335 326 1399 Nemausenses
350 1336 432 1417 (app.
457 1358 485 1398 n.
512 1343 589 1409 162,
618 1340 746 1421 tortasse
776 1342 865 1402 ctiam
886 1361 936 1403 nn.
963 1347 1032 1408 164.
1059 1347 1128 1410 165.
1154 1346 1225 1408 255.

22 1481 23 1484 κ
120 1434 191 1516 256),
213 1438 332 1500 Η511155
355 1437 414 1518 (nn.
439 1444 510 1507 285.
535 1436 622 1518 286),
647 1441 857 1503 Gereasensem
883 1443 921 1523 (n.
937 1443 1047 1524 2665),
1072 1447 1248 1520 Aquenscs

22 1519 23 1614 ἶ
121 1536 172 1616 (1¹¹1-
188 1545 255 1606 371.
275 1539 346 1620 372)
359 1536 405 1618 ²3),
430 1540 644 1601 Cabellienscm
668 1542 806 1623 (11460),
831 1543 910 1606 unde
926 1546 1127 1622 consequitur,
1151 1547 1228 1604 sieut

22 1679 23 1710 3
120 1639 180 1700 olim
201 1642 228 1700 in
251 1641 404 1718 legionum
427 1641 560 1702 ordinem
584 1643 757 1706 Latinorum
779 1662 897 1723 quoque
925 1648 1027 1726 copiae
1050 1644 1226 1724 redigeban-

22 1755 23 1780 ³
119 1747 169 1810 tur,
190 1745 228 1802 ita
251 1745 341 1804 etiam
364 1745 579 1822 imperatorum
602 1751 697 1805 aetate
720 1745 886 1823 legionibus
909 1747 1066 1809 attributos
1090 1767 1155 1809 esse
1170 1747 1225 1808 La-

22 1859 24 1870 ·
118 1842 195 1904 tinos.
239 1847 276 1908 At
299 1864 367 1906 cum
390 1844 460 1904 clim
488 1848 628 1925 propriae
650 1847 834 1909 Latinorum
852 1851 1105 1910 constituerentur
1133 1849 1225 1928 legio·

22 1993 24 2006 .
118 1961 172 2013 nes,
193 1956 296 2024 postea
320 1946 486 2024 legionibus
509 1947 615 2008 civium
638 1947 840 2009 Romanorum
865 1950 1066 2011 miscebantur
1090 1969 1125 2010 eo
1148 1952 1224 2020 iure,

117 2052 145 2104 ut
169 2048 346 2126 capessenda
376 2046 479 2108 militia
508 2049 654 2109 civitatem
682 2050 933 2129 adipiscerentur;
962 2069 1092 2130 namque
1121 2069 1226 2110 omnes

22 2131 24 2136 ¹
116 2145 174 2207 illos
205 2149 315 2210 milites
348 2150 501 2226 gregarios
536 2150 680 2210 civitatem
715 2150 877 2213 Romanam
913 2152 1047 2213 videmus
1079 2152 1224 2230 profiteri,

114 2246 231 2327 ideoque
260 2252 298 2313 ad
329 2251 446 2312 Latinos
475 2250 667 2312 referendum
697 2271 819 2321 censeo,
850 2253 928 2330 quod
957 2251 1035 2332 apud
1057 2250 1224 2312 Aristidem

22 2389 24 2448 3
116 2347 230 2426 legimus
252 2352 290 2412 de
313 2361 424 2414 mutato
447 2371 463 2413 a
486 2353 632 2413 tironibus
655 2361 740 2424 statu,
765 2356 801 2414 de
824 2356 939 2415 civitate
954 2352 1096 2415 militibus
1119 2373 1225 2414 recens

22 2465 24 2542 3
116 2449 227 2514 delectis
249 2449 399 2528 1151514),
428 2453 491 2515 Alia
520 2462 584 2514 erat
605 2456 815 2517 Vocontiorum
845 2456 996 2517 condicio:
1027 2455 1058 2515 hi
1085 2475 1144 2517 non
1172 2455 1222 2539 dc·¹
1292 2528 1294 2532 Α

174 2709 215 2773 22)
235 2711 353 2760 Henzen
372 2726 398 2762 n.
417 2709 492 2758 5918.
528 2707 648 2758 Trebell.
668 2710 726 2759 vita
744 2711 887 2761 Postumii.

173 2791 216 2860 23)
235 2796 325 2858 Quem
349 2810 412 2858 epp.
435 2809 462 2844 n.
481 2793 531 2842 313
553 2792 687 2844 habemus
711 2793 749 2844 M.
772 2793 873 2844 Orbium
893 2795 932 2844 M.
951 2796 988 2858 1.,
1013 2796 1096 2861 Aquis
1117 2795 1223 2855 8511115,
1293 2815 1294 2818 “

112 2878 242 2940 optionem
254 2879 605 2942 militurn-peregrinorum,
625 2878 649 2926 is
667 2867 782 2938 reliq'uis
802 2878 934 2942 exemplis
953 2894 1007 2928 non
1026 2880 1128 2931 obstet.
1159 2881 1222 2929 Pot-

113 2967 168 3010 erat
190 2965 277 3024 enim,
305 2979 366 3013 cum
385 2979 400 3013 e
419 2962 515 3011 militis
534 2962 657 3028 gregarii
678 2960 739 3010 loco
759 2961 794 3010 511
812 2962 932 3026 optionis
951 2962 1064 3027 gradum
1082 2978 1223 3026 promove·

111 3051 186 3106 retur,
205 3064 238 3098 ex
256 3048 367 3114 legione
388 3046 421 3098 ad
439 3047 601 3111 peregrinos
619 3047 778 3096 transmitti.

172 3132 215 3197 24)
233 3134 319 3186 Arist.
333 3134 353 3186 1.
368 3148 394 3197 p.
408 3133 458 3182 352
469 3129 567 3182 Dina:
585 3129 645 3190 πῶς
658 3115 710 3182 οὖν
725 3121 889 3196 ἐποιήσατε·
904 3119 1002 3193 εὕρετε
1020 3125 1129 3180 οἰκεῖον
1142 3123 1223 3194 otpol-

112 3223 194 3282 τευμα
217 3217 275 3269 τῶν
299 3215 423 3268 πολιτῶν
447 3206 499 3266 οὐκ
528 3208 753 3280 ἐνοχλουμένων·
775 3240 802 3249 -
824 3207 959 3273 ἐλθόντες
983 3207 1030 3265 ἐπὶ
1051 3213 1148 3266 πᾶσαν
1170 3207 1223 3280 τὴν

22 3295 24 3316 '
111 3288 233 3366 ὑπήκοον
257 3295 407 3354 ἐντεῦθεν
422 3291 587 3362 {deducetis
610 3291 676 3357 τοὺς
704 3292 957 3364 λειτουργήσαντας
980 3291 1066 3364 τήνδε
1090 3291 1145 3364 τὴν
1168 3303 1224 3350 λει-

22 3379 24 3412 l
111 3386 252 3450 τονργίαν,
276 3383 325 3437 καὶ
346 3378 382 3444 ὡς
402 3375 511 3449 εὕρετε,
537 3377 608 3450 ὁμοῦ
628 3381 678 3449 τῆς
696 3399 726 3434 τε
745 3383 882 3448 πατρίδος
903 3375 1084 3450 ἀπηλλάξατε
1102 3382 1151 3436 καὶ
1170 3379 1223 3451 τὴν

22 3491 24 3526 5
109 3457 242 3534 ὑμετέραν
259 3464 344 3522 πόλιν
362 3463 498 3520 elucidata
516 3460 625 3532 αὐτοῖς,
645 3457 714 3518 ὥστε
732 3466 782 3520 καὶ
795 3465 991 3534 αἰσχυνθῆναι
1010 3461 1103 3520 καὶτὸ
1122 3467 1223 3521 λοιπὸν

22 3601 23 3612 ,
110 3543 208 3614 αὐτοὺς
225 3549 358 3615 ἐκείνους
376 3545 403 3619 γ’
423 3541 461 3605 dv
479 3547 586 3616 εἰπεῖν,
611 3542 685 3604 ὅθεν
707 3537 781 3618 ἦσαν
804 3545 836 3604 τὸ
860 3543 988 3619 ἀρχαῖον,
1026 3547 1223 3620 Ποιησολμενοι

111 3631 139 3688 dl
156 3640 275 3700 πολίτας
300 3630 372 3691 οὕτω
395 3637 444 3690 καὶ
467 3630 640 3703 στρατιώτας
664 3629 831 3703 ἐποιήσατε,
856 3627 925 3689 ὥστε
949 3630 1014 3697 τούς
1039 3655 1069 3690 τε
1092 3633 1148 3689 dard
1171 3639 1222 3706 τῆς

109 3713 209 3783 πόλεως
226 3716 266 3790 μὴ
291 3715 499 3788 στρατεύεσθαι
522 3721 571 3774 καλ
596 3713 662 3780 τούς
686 3717 927 3787 στρατευομένους
949 3713 1021 3789 μηδ’
1043 3714 1087 3774 ὅτι
1105 3709 1158 3774 οὖν
1175 3711 1221 3789 ἦτ-

22 3787 23 3830 l
109 3821 154 3856 τον
171 3803 248 3860 εἶναι
266 3809 394 3872 πολίτας,
413 3807 559 3866 πολιτείας
577 3805 627 3873 τῆς
645 3801 698 3871 μὲν
716 3801 838 3872 ἆρχαίας
856 3799 998 3868 ἆπολίὸας
1016 3801 1222 3873 γεγενημένους

22 3887 23 3906 ’
109 3879 163 3955 ἅμα
180 3891 212 3958 τῇ
231 3893 380 3959 στρατείᾳ,
405 3891 454 3957 τῆς
473 3887 505 3942 dl
523 3886 661 3959 ὑμετέρας
677 3891 796 3950 πολίτας
814 3908 845 3944 τε
863 3889 913 3943 καὶ
931 3885 1074 3957 φρουροὺς
1096 3884 1153 3942 α’πό
1172 3890 1222 3956 τῆς

22 3981 23 3984 ’
109 3966 191 4042 αὐτῆς
214 3969 336 4044 ἡμέρας.
371 3977 518 4040 1111155115
540 3977 700 4041 plerumque
720 3977 754 4026 ad
777 3978 937 4042 peregrinos
960 3977 1090 4033 refertur,
1116 3980 1144 4025 et
1161 3975 1221 4023 Ma·

22 4069 24 4132 3
109 4060 158 4109 riui
179 4077 289 4128 qnoque
309 4060 383 4129 (Atti
400 4080 426 4128 p.
439 4064 490 4113 434
502 4063 571 4128 sqq.)
592 4067 674 4125 atque
692 4061 855 4125 Merquardt
873 4058 1046 4123 (Handbucb
1068 4061 1117 4109 der
1137 4075 1220 4111 roem.

22 4151 24 4222 3
108 4141 217 4197 Alterth.
238 4150 268 4210 3,
287 4149 317 4210 2,
337 4146 570 4213 monebatur),
602 4145 751 4196 Aristidem
769 4145 852 4195 solita
869 4144 1009 4194 rhetorum
1032 4145 1138 4194 ratione
1158 4159 1222 4193 sen-

22 4259 24 4268 1
108 4231 218 4281 tentiam
242 4232 325 4282 valde
350 4235 549 4298 exaggeratam
571 4233 694 4296 prolerre
722 4230 879 4279 iudicantes
902 4228 936 4278 de
959 4228 1112 4293 peregrinis
1136 4242 1219 4292 agere

108 4315 254 4380 accipiunt.
295 4317 331 4366 At
352 4317 513 4382 peregrinos
535 4320 645 4367 constet
671 4331 726 4366 non
747 4313 889 4378 accepisse
915 4313 1059 4374 civitatem
1082 4312 1135 4360 nisi
1159 4327 1220 4360 cum

107 4395 218 4450 honeste
236 4402 382 4462 missione,
409 4401 462 4451 hoc
481 4406 572 4452 eutem
595 4401 656 4451 loeo
678 4400 739 4464 plue
758 4396 845 4448 semel
867 4397 895 4446 in
920 4412 951 4446 eo
974 4400 1101 4462 versetur
1121 4397 1220 4459 oratio,

156 4514 274 4572 Herzog,
289 4516 372 4558 Galliae
387 4515 453 4558 Narb.
469 4517 519 4560 hist.
977 4489 1015 4550 ll
