3184 5162
300 479 344 550 sl
662 469 665 472 ’
697 480 782 539 unas
804 480 822 538 1.
867 475 973 537 cnrvr
996 479 1015 536 1.

302 651 360 712 hoc
383 667 502 728 quoque
531 655 629 710 vetera
657 649 791 709 instituta
820 665 954 710 servasse
983 646 1109 709 Gallicas
1136 649 1283 718 civitates,
1312 656 1344 708 ut
1366 649 1421 710 sub

302 752 450 832 indigenis
479 755 579 812 essent
606 748 801 830 principibus.
847 750 908 812 lam
937 755 1007 809 vero
1035 767 1104 810 cum
1132 750 1237 811 eodem
1258 753 1324 812 iere
1346 759 1421 812 tem-

303 871 376 934 pore
400 835 458 931 gno
481 851 554 913 baec
570 850 783 930 Transalpinas
805 852 937 929 regionis
959 869 1030 930 pars
1051 851 1254 914 Romanorum
1275 853 1351 916 lacta
1367 861 1421 923 est,

303 974 358 1037 per
386 955 529 1033 quasdam
556 947 892 1015 meridionalis'Galliae
919 960 1019 1032 partes
1047 955 1087 1014 ita
1115 961 1297 1016 novarentur
1324 954 1422 1017 Gallo-

303 1075 370 1120 rum
392 1057 535 1125 instltuta,
559 1056 638 1116 utin
653 1054 752 1116 locum
773 1056 859 1132 regni
880 1075 896 1115 a
918 1061 1003 1134 patre
1018 1055 1077 1116 lilio
1099 1055 1229 1117 mandati
1251 1059 1422 1119 instituere·

303 1167 353 1221 tur
375 1175 537 1240 procerum
560 1159 621 1218 sive
645 1159 781 1237 equitum
805 1157 984 1226 dominatio,
1014 1176 1089 1236 quae
1117 1175 1177 1219 non
1206 1160 1263 1220 nisi
1291 1175 1424 1220 annuum

304 1261 494 1339 Vergobreti,
524 1266 558 1319 ut
584 1259 754 1329 dicebatur,
790 1260 993 1337 magistratum
1023 1267 1177 1338 pateretur
1185 1256 1237 1337 ³⁹),
1270 1263 1424 1341 quaeritur

304 1381 376 1425 num
400 1361 532 1422 eiusdem
555 1367 654 1422 motus
681 1363 712 1422 in
740 1361 890 1439 provincia
920 1377 1038 1440 quoqne
1060 1362 1144 1423 Rom.
1167 1363 1351 1424 inveniamus
1375 1381 1423 1422 ve-

305 1465 399 1541 stigia.
445 1463 481 1524 Et
509 1469 590 1525 certa
620 1462 740 1539 quidem
768 1461 877 1523 desunt
902 1464 1087 1533 testimonia,
1118 1481 1188 1524 nam
1216 1463 1295 1541 quod
1322 1463 1426 1525 dicunt

283 1564 482 1646 ⁴Plutarchus
505 1565 542 1626 cle
565 1561 687 1642 Copillo,
712 1564 787 1631 duce
810 1563 1008 1642 Tectosagum
1031 1571 1133 1626 contra
1155 1564 1304 1627 Romanos
1326 1565 1425 1627 rebel·
1501 1556 1503 1562 ’

305 1667 445 1736 lantium,
471 1672 500 1726 et
523 1665 642 1726 Cassius
664 1665 719 1726 bio
743 1665 780 1725 de
802 1664 981 1744 Catngnato,
1012 1665 1204 1745 Allobrogum
1234 1675 1336 1730 contra
1366 1669 1424 1730 llo·

305 1785 409 1830 manos
432 1761 568 1844 duce⁴⁰l,
598 1766 667 1827 inde
695 1786 764 1829 cum
790 1767 827 1828 de
850 1767 1050 1845 singularibus
1072 1767 1220 1830 bellorum
1243 1768 1361 1830 casibus
1382 1767 1425 1830 ibi

305 1876 418 1948 agatur,
442 1867 517 1930 nibil
540 1868 709 1930 concludas.
755 1870 864 1931 Contra
881 1870 960 1947 quod
983 1873 1062 1932 inter
1077 1889 1269 1932 nummorum
1291 1871 1424 1933 multitu·

305 1971 404 2032 dinem
433 1967 511 2031 haud
536 1975 660 2050 'parvam
691 1977 748 2031 tam
776 1972 863 2050 pauci
892 1978 1006 2034 tantum
1037 1973 1227 2034 inveniuntur
1255 1976 1425 2054 principum

305 2075 428 2144 nummi,
452 2072 522 2134 inde
545 2064 724 2135 concludere
745 2075 851 2154 possis,
874 2082 1054 2154 perpetuum
1075 2076 1278 2156 potiusquam
1294 2093 1426 2138 annuum

304 2177 397 2237 fuisse
425 2175 594 2254 principum
623 2173 803 2236 Gallicorum
832 2177 919 2236 etiarn
952 2175 1007 2237 sub
1035 2177 1175 2238 Romanis
1209 2179 1423 2256 magistratum.

306 2277 434 2338 Omnino
457 2280 557 2336 autem
584 2293 651 2337 cum
674 2276 877 2339 Rornanorum
905 2297 966 2339 non
993 2280 1169 2349 interesset,
1203 2285 1235 2339 ut
1262 2280 1425 2342 lactionum

307 2376 514 2438 contentiones
536 2377 615 2437 inter
636 2377 793 2456 indigenas
815 2381 981 2449 orirentur,
1012 2381 1228 2442 commodiores
1256 2381 1293 2441 iis
1315 2380 1425 2442 debue-

307 2484 378 2540 runt
401 2495 467 2539 esse
489 2477 586 2556 reguli
613 2481 766 2558 perpetui,
797 2495 925 2557 quorum
947 2481 1062 2543 sublato
1084 2481 1150 2553 illo,
1181 2482 1261 2563 qnod
1288 2484 1319 2543 in
1347 2485 1426 2543 cives

243 2625 245 2630 .
309 2597 379 2640 suos
402 2576 582 2650 habuerant,
607 2582 674 2641 iure
697 2582 772 2642 vitae
795 2585 952 2661 necisque,
984 2575 1100 2644 modica
1121 2591 1201 2646 esset
1222 2590 1363 2664 potestas.

345 2711 347 2717 ·
393 2682 458 2754 Quo
480 2681 569 2742 modo
593 2688 692 2743 autem
708 2701 884 2744 concessum
908 2685 946 2746 sit
961 2682 1060 2754 Gallis,
1084 2686 1170 2746 utin
1192 2684 1284 2747 rebus
1305 2687 1426 2767 privatis

305 2784 437 2864 propriis
447 2782 633 2864 principibus
646 2790 803 2846 uterentur
814 2786 971 2857 indicibus,
989 2803 1125 2865 quaeque
1141 2787 1281 2848 druidum
1296 2787 1426 2868 legitima

305 2985 400 3042 Roem.
427 2987 545 3040 Miinaw.
572 3005 599 3056 p.
619 2989 670 3041 6⁷4
697 3005 723 3039 n.
748 2991 781 3041 36
799 3003 841 3054 sq.
865 3003 956 3054 neque
978 2990 1048 3040 hoec
1070 2991 1163 3042 omnin
1186 2991 1288 3058 recipit
1314 2995 1343 3042 et
1369 2991 1427 3042 alin

307 3073 406 3134 edicit,
431 3089 503 3139 ques
522 3075 713 3141 suppeditavit
731 3075 841 3141 Lugoy‚
865 3074 937 3124 unde
956 3075 1026 3126 bueo
1045 3075 1215 3127 efficiuntur:
1240 3079 1263 3126 1.
1282 3075 1427 3128 VOL·AR

305 3185 340 3195 -
357 3165 435 3224 caput
452 3159 582 3224 Apollinis
601 3163 649 3209 aut
666 3175 745 3226 equam
761 3161 914 3224 prosiliens,
939 3159 1049 3210 adiecto
1071 3161 1101 3210 in
1123 3159 1287 3224 quibusdam
1309 3162 1426 3212 nummis

307 3243 386 3308 signo
400 3245 488 3293 rotae.
520 3245 544 3294 2.
562 3242 919 3308 MASVS-bippoeompus
949 3246 973 3294 3.
992 3243 1065 3294 Aua
1095 3247 1120 3294 4.
1138 3242 1426 3297 ROVV-ON·VOL

307 3326 366 3377 sive
378 3313 515 3386 VOLVll,
536 3341 602 3391 quos
614 3343 737 3379 nummos
748 3329 792 3379 De
804 3327 833 3378 la
846 3327 940 3378 Senes.
959 3328 1056 3378 tribuit
1068 3329 1220 3380 vocontiis.
1257 3331 1281 3382 5.
1294 3329 1426 3381 ROVV—

307 3409 378 3460 GAL
413 3411 439 3463 6.
455 3406 655 3463 BRI-OOMA
694 3415 717 3462 7.
737 3410 1025 3463 cosm—osmunt
1064 3415 1090 3466 8.
1108 3411 1427 3464 VIRODV-TVROOA

307 3497 332 3548 9.
350 3493 649 3558 AABILI—EBVRO,
674 3497 721 3562 qui
737 3497 840 3547 nummi
859 3494 959 3560 (3-9)
977 3513 1026 3563 pro
1045 3499 1132 3564 signis
1150 3497 1255 3550 hubent
1273 3503 1358 3565 caput
1374 3500 1427 3558 Mi-

306 3591 410 3630 nervae
430 3582 458 3629 et
476 3581 603 3645 equitem,
622 3581 681 3633 sive
699 3582 781 3648 signa
800 3597 834 3632 ex
851 3582 969 3632 nummis
986 3581 1117 3634 Romanis
1135 3581 1293 3650 desumptam
1317 3583 1428 3636 accedit

306 3665 426 3715 fortasse
450 3666 491 3714 10.
514 3664 671 3716 NID-AL.
694 3664 893 3717 nubonssou
916 3684 950 3704 -·
972 3683 1051 3732 equus
1070 3669 1224 3732 prosiliere,
1252 3683 1332 3734 super
1356 3684 1428 3734 quem

306 3754 361 3798 tres
383 3749 500 3798 uidentur
520 3753 610 3800 stellae
628 3748 688 3814 (De
710 3750 739 3800 la
758 3750 851 3801 Sauss.
869 3767 896 3818 p.
916 3749 988 3818 126).
1030 3751 1134 3814 Quibus
1157 3753 1273 3803 nummis
1296 3752 1428 3803 simillimi

306 3831 363 3884 sint
380 3831 543 3896 Aquitaniei
560 3833 604 3884 illi
622 3834 759 3885 Turonum
771 3835 903 3896 Mionnet,
922 3833 1063 3902 Descript.
1082 3835 1116 3886 cle
1134 3833 1204 3888 med.
1224 3841 1280 3887 ant.
1301 3839 1325 3902 1,
1343 3846 1370 3903 p.
1384 3838 1426 3888 64.

375 3915 420 3984 39)
440 3915 520 3968 Caes.
539 3919 566 3970 b.
586 3935 613 3984 g.
631 3920 655 3979 1,
675 3921 698 3970 3.
719 3921 760 3970 16.
795 3920 895 3971 Strabo
913 3919 961 3972 IV.
980 3938 1007 3986 p.
1022 3923 1082 3973 197:
1101 3911 1333 3986 ἄριστονρνινιννιλ
1351 3907 1428 3988 ἦσαν

307 3995 341 4053 ul
357 4002 475 4063 νλλίονς
492 4001 548 4056 τῶν
565 4001 728 4056 πολιτειῶν·
752 3998 803 4056 ἕνα
822 3995 850 4055 δ’
869 3995 998 4071 ἡγεμόνα
1016 3996 1137 4072 ᾑροῦντο
1155 3997 1221 4058 νοντ’
1242 3997 1378 4059 ἐνιαυτὸν
1395 3999 1427 4058 τὸ

306 4080 446 4153 παλαιόν,
466 4081 503 4148 ὥς
521 4077 552 4139 δ’
569 4076 661 4148 αὕτως
679 4084 721 4148 εἰς
738 4082 862 4156 πόλεμον
881 4083 923 4150 εἷς
941 4079 997 4142 ὑπὸ
1016 4089 1067 4142 τοῦ
1084 4086 1217 4158 πλήθους
1235 4082 1428 4146 ἀπεδείκνυτο

307 4166 471 4240 στρατηγός.
507 4174 557 4226 cfr.
580 4173 711 4238 (thierry,
735 4174 809 4224 Hist.
833 4173 882 4224 des
905 4174 1019 4227 Gaulois
1043 4178 1072 4238 2,
1097 4178 1146 4228 107
1169 4189 1229 4242 sqq.
1264 4175 1428 4242 Mommsen,

307 4256 339 4308 R.
358 4257 391 4308 G.
410 4261 437 4321 3,
458 4259 521 4322 221,
541 4273 625 4324 supra
642 4245 721 4323 p‚'34
739 4273 780 4324 sq.

360 4339 423 4404 to)
440 4343 514 4405 Plut.
527 4339 605 4394 Sulla
616 4345 645 4393 4:
663 4337 826 4408 πρεσβεύων
843 4333 976 4412 ἡγεμόνα,
992 4340 1179 4413 Τεκτοσάγων
1196 4337 1340 4398 Κόπιλλον
1360 4340 1428 4403 εἷλε.

307 4423 361 4476 Dio
379 4426 421 4487 32,
439 4425 485 4477 4⁷2
504 4421 713 4495 Κανούγνανος,
733 4419 748 4479 ὁ
766 4427 821 4480 red
834 4420 943 4490 παντὸς
962 4419 1056 4482 aalide
1075 4425 1182 4491 ἔθνους
1199 4423 1363 4498 στρατηγός.
