<?xml version="1.0" encoding="UTF-8"?>
<!DOCTYPE html PUBLIC "-//W3C//DTD XHTML 1.0 Transitional//EN"
    "http://www.w3.org/TR/xhtml1/DTD/xhtml1-transitional.dtd">
<html xmlns="http://www.w3.org/1999/xhtml" xml:lang="en" lang="en">
 <head>
  <title>
</title>
<meta http-equiv="Content-Type" content="text/html;charset=utf-8" />
  <meta name='ocr-system' content='tesseract 3.04.00' />
  <meta name='ocr-capabilities' content='ocr_page ocr_carea ocr_par ocr_line ocrx_word'/>
</head>
<body>
  <div class='ocr_page' id='page_1' title='image "./galliaenarbonen01herzgoog_0163.png"; bbox 0 0 3154 5162; ppageno 0'>
   <div class='ocr_carea' id='block_1_1' title="bbox 591 454 1313 520">
    <p class='ocr_par' dir='ltr' id='par_1_1' title="bbox 591 454 1313 520">
     <span class='ocr_line' id='line_1_1' title="bbox 591 454 1313 520; baseline 0.012 -10"><span class='ocrx_word' id='word_1_1' title='bbox 591 454 674 512; x_wconf 86' lang='lat' dir='ltr'><strong>PARS</strong></span> <span class='ocrx_word' id='word_1_2' title='bbox 696 454 725 510; x_wconf 95' lang='lat' dir='ltr'><strong>ll.</strong></span> <span class='ocrx_word' id='word_1_3' title='bbox 771 454 876 511; x_wconf 82' lang='lat' dir='ltr'><strong>GAPVT</strong></span> <span class='ocrx_word' id='word_1_4' title='bbox 898 455 918 512; x_wconf 93' lang='lat' dir='ltr'><strong>l.</strong></span> <span class='ocrx_word' id='word_1_5' title='bbox 1253 459 1313 520; x_wconf 80' lang='lat'><strong>147</strong></span> 
     </span>
    </p>
   </div>
   <div class='ocr_carea' id='block_1_2' title="bbox 186 619 1312 1115">
    <p class='ocr_par' dir='ltr' id='par_1_2' title="bbox 186 619 1312 1115">
     <span class='ocr_line' id='line_1_2' title="bbox 186 619 1312 700; baseline 0 -19"><span class='ocrx_word' id='word_1_6' title='bbox 186 636 267 698; x_wconf 89' lang='lat' dir='ltr'><strong>que,</strong></span> <span class='ocrx_word' id='word_1_7' title='bbox 297 621 438 699; x_wconf 84' lang='lat' dir='ltr'><strong>quoniam</strong></span> <span class='ocrx_word' id='word_1_8' title='bbox 465 619 507 680; x_wconf 93' lang='lat' dir='ltr'><strong>ibi</strong></span> <span class='ocrx_word' id='word_1_9' title='bbox 534 621 657 698; x_wconf 89' lang='lat' dir='ltr'><strong>vectigal</strong></span> <span class='ocrx_word' id='word_1_10' title='bbox 685 619 837 683; x_wconf 87' lang='lat' dir='ltr'><strong>levabatur</strong></span> <span class='ocrx_word' id='word_1_11' title='bbox 871 620 1113 700; x_wconf 81' lang='lat' dir='ltr'>quadragesimae</span> <span class='ocrx_word' id='word_1_12' title='bbox 1141 619 1312 689; x_wconf 87' lang='lat' dir='ltr'><strong>Galliarum,</strong></span> 
     </span>
     <span class='ocr_line' id='line_1_3' title="bbox 187 721 1312 803; baseline 0.001 -20"><span class='ocrx_word' id='word_1_13' title='bbox 187 740 283 800; x_wconf 87' lang='lat' dir='ltr'><strong>quam</strong></span> <span class='ocrx_word' id='word_1_14' title='bbox 310 724 467 784; x_wconf 86' lang='lat' dir='ltr'><strong>stationem</strong></span> <span class='ocrx_word' id='word_1_15' title='bbox 489 722 602 786; x_wconf 89' lang='lat' dir='ltr'><strong>Anville</strong></span> <span class='ocrx_word' id='word_1_16' title='bbox 623 742 652 803; x_wconf 90' lang='lat' dir='ltr'><strong>p.</strong></span> <span class='ocrx_word' id='word_1_17' title='bbox 677 729 737 790; x_wconf 87' lang='lat'><strong>535</strong></span> <span class='ocrx_word' id='word_1_18' title='bbox 762 723 822 784; x_wconf 85' lang='lat' dir='ltr'><strong>vult</strong></span> <span class='ocrx_word' id='word_1_19' title='bbox 851 741 915 784; x_wconf 80' lang='lat' dir='ltr'><strong>esse</strong></span> <span class='ocrx_word' id='word_1_20' title='bbox 937 721 1082 799; x_wconf 81' lang='lat' dir='ltr'><strong>l&#39;Hdpttot</strong></span> <span class='ocrx_word' id='word_1_21' title='bbox 1102 725 1141 783; x_wconf 84' lang='lat' dir='ltr'><strong>de</strong></span> <span class='ocrx_word' id='word_1_22' title='bbox 1164 724 1312 799; x_wconf 75' lang='lat' dir='ltr'><strong>Constans.</strong></span> 
     </span>
     <span class='ocr_line' id='line_1_4' title="bbox 187 823 1311 904; baseline 0.001 -18"><span class='ocrx_word' id='word_1_23' title='bbox 187 823 307 886; x_wconf 82' lang='lat' dir='ltr'>Deinde</span> <span class='ocrx_word' id='word_1_24' title='bbox 330 823 366 885; x_wconf 85' lang='lat' dir='ltr'><strong>ad</strong></span> <span class='ocrx_word' id='word_1_25' title='bbox 389 824 589 886; x_wconf 88' lang='lat' dir='ltr'><strong>definiendum</strong></span> <span class='ocrx_word' id='word_1_26' title='bbox 613 825 738 886; x_wconf 70' lang='lat' dir='ltr'><strong>cellerius</strong></span> <span class='ocrx_word' id='word_1_27' title='bbox 767 827 953 887; x_wconf 81' lang='lat' dir='ltr'><strong>territorium</strong></span> <span class='ocrx_word' id='word_1_28' title='bbox 976 825 1197 902; x_wconf 79' lang='lat' dir='ltr'><strong>Allobrogicum</strong></span> <span class='ocrx_word' id='word_1_29' title='bbox 1224 845 1311 904; x_wconf 88' lang='lat' dir='ltr'><strong>argu-</strong></span> 
     </span>
     <span class='ocr_line' id='line_1_5' title="bbox 188 925 1312 1007; baseline 0 -19"><span class='ocrx_word' id='word_1_30' title='bbox 188 935 294 988; x_wconf 89' lang='lat' dir='ltr'><strong>mento</strong></span> <span class='ocrx_word' id='word_1_31' title='bbox 316 927 403 988; x_wconf 91' lang='lat' dir='ltr'><strong>nobis</strong></span> <span class='ocrx_word' id='word_1_32' title='bbox 426 934 496 988; x_wconf 90' lang='lat' dir='ltr'><strong>sunt</strong></span> <span class='ocrx_word' id='word_1_33' title='bbox 517 929 538 986; x_wconf 93' lang='lat' dir='ltr'><strong>ii</strong></span> <span class='ocrx_word' id='word_1_34' title='bbox 559 925 653 996; x_wconf 87' lang='lat' dir='ltr'><strong>tituli,</strong></span> <span class='ocrx_word' id='word_1_35' title='bbox 677 929 728 1007; x_wconf 87' lang='lat' dir='ltr'><strong>qui</strong></span> <span class='ocrx_word' id='word_1_36' title='bbox 750 929 781 988; x_wconf 91' lang='lat' dir='ltr'><strong>in</strong></span> <span class='ocrx_word' id='word_1_37' title='bbox 802 927 849 988; x_wconf 90' lang='lat' dir='ltr'><strong>bis</strong></span> <span class='ocrx_word' id='word_1_38' title='bbox 872 927 1045 1005; x_wconf 85' lang='lat' dir='ltr'><strong>regionibus</strong></span> <span class='ocrx_word' id='word_1_39' title='bbox 1067 929 1180 1007; x_wconf 88' lang='lat' dir='ltr'><strong>reperti</strong></span> <span class='ocrx_word' id='word_1_40' title='bbox 1200 929 1312 989; x_wconf 81' lang='lat' dir='ltr'><strong>tribum</strong></span> 
     </span>
     <span class='ocr_line' id='line_1_6' title="bbox 188 1027 1308 1115; baseline -0.001 -25"><span class='ocrx_word' id='word_1_41' title='bbox 188 1027 352 1097; x_wconf 86' lang='lat' dir='ltr'><strong>Voltiniam</strong></span> <span class='ocrx_word' id='word_1_42' title='bbox 375 1027 531 1098; x_wconf 85' lang='lat' dir='ltr'><strong>exhibent,</strong></span> <span class='ocrx_word' id='word_1_43' title='bbox 546 1110 549 1115; x_wconf 24' lang='grc'><strong>,</strong></span> <span class='ocrx_word' id='word_1_44' title='bbox 562 1046 637 1106; x_wconf 90' lang='lat' dir='ltr'><strong>quae</strong></span> <span class='ocrx_word' id='word_1_45' title='bbox 660 1030 757 1091; x_wconf 91' lang='lat' dir='ltr'><strong>tribus</strong></span> <span class='ocrx_word' id='word_1_46' title='bbox 786 1038 849 1091; x_wconf 88' lang='lat' dir='ltr'><strong>erat</strong></span> <span class='ocrx_word' id='word_1_47' title='bbox 870 1029 1062 1108; x_wconf 79' lang='lat' dir='ltr'><strong>Allobrogum</strong></span> <span class='ocrx_word' id='word_1_48' title='bbox 1093 1045 1191 1109; x_wconf 86' lang='lat' dir='ltr'><strong>neque</strong></span> <span class='ocrx_word' id='word_1_49' title='bbox 1214 1032 1308 1110; x_wconf 92' lang='lat' dir='ltr'><strong>perti-</strong></span> 
     </span>
    </p>
   </div>
   <div class='ocr_carea' id='block_1_3' title="bbox 65 1129 1309 1210">
    <p class='ocr_par' dir='ltr' id='par_1_3' title="bbox 65 1129 1309 1210">
     <span class='ocr_line' id='line_1_7' title="bbox 65 1129 1309 1210; baseline 0.002 -19"><span class='ocrx_word' id='word_1_50' title='bbox 65 1132 68 1136; x_wconf 86' lang='grc'><strong>’</strong></span> <span class='ocrx_word' id='word_1_51' title='bbox 187 1130 282 1192; x_wconf 88' lang='lat' dir='ltr'><strong>nebat</strong></span> <span class='ocrx_word' id='word_1_52' title='bbox 305 1130 342 1190; x_wconf 94' lang='lat' dir='ltr'><strong>ad</strong></span> <span class='ocrx_word' id='word_1_53' title='bbox 363 1137 468 1208; x_wconf 87' lang='lat' dir='ltr'><strong>gentes</strong></span> <span class='ocrx_word' id='word_1_54' title='bbox 482 1129 691 1208; x_wconf 80' lang='lat' dir='ltr'><strong>Allobrogibus</strong></span> <span class='ocrx_word' id='word_1_55' title='bbox 713 1132 871 1200; x_wconf 87' lang='lat' dir='ltr'><strong>finitimas;</strong></span> <span class='ocrx_word' id='word_1_56' title='bbox 896 1134 1086 1210; x_wconf 87' lang='lat' dir='ltr'><strong>suppeditant</strong></span> <span class='ocrx_word' id='word_1_57' title='bbox 1109 1140 1208 1194; x_wconf 90' lang='lat' dir='ltr'><strong>autem</strong></span> <span class='ocrx_word' id='word_1_58' title='bbox 1231 1135 1309 1194; x_wconf 89' lang='lat' dir='ltr'><strong>eius-</strong></span> 
     </span>
    </p>
   </div>
   <div class='ocr_carea' id='block_1_4' title="bbox 183 1231 1312 2944">
    <p class='ocr_par' dir='ltr' id='par_1_4' title="bbox 186 1231 1309 1414">
     <span class='ocr_line' id='line_1_8' title="bbox 187 1231 1309 1315; baseline 0.002 -21"><span class='ocrx_word' id='word_1_59' title='bbox 187 1232 273 1294; x_wconf 91' lang='lat' dir='ltr'><strong>modi</strong></span> <span class='ocrx_word' id='word_1_60' title='bbox 295 1231 398 1293; x_wconf 88' lang='lat' dir='ltr'><strong>titulos</strong></span> <span class='ocrx_word' id='word_1_61' title='bbox 419 1232 502 1303; x_wconf 92' lang='lat' dir='ltr'><strong>baec,</strong></span> <span class='ocrx_word' id='word_1_62' title='bbox 520 1251 595 1312; x_wconf 88' lang='lat' dir='ltr'><strong>quae</strong></span> <span class='ocrx_word' id='word_1_63' title='bbox 611 1241 788 1312; x_wconf 90' lang='lat' dir='ltr'><strong>sequuntur,</strong></span> <span class='ocrx_word' id='word_1_64' title='bbox 806 1232 970 1294; x_wconf 89' lang='lat' dir='ltr'><strong>Sabaudiae</strong></span> <span class='ocrx_word' id='word_1_65' title='bbox 985 1233 1049 1295; x_wconf 89' lang='lat' dir='ltr'><strong>looa</strong></span> <span class='ocrx_word' id='word_1_66' title='bbox 1065 1235 1112 1311; x_wconf 89' lang='lat' dir='ltr'><strong>(ci.</strong></span> <span class='ocrx_word' id='word_1_67' title='bbox 1131 1254 1198 1314; x_wconf 89' lang='lat' dir='ltr'><strong>app.</strong></span> <span class='ocrx_word' id='word_1_68' title='bbox 1216 1237 1309 1315; x_wconf 82' lang='lat' dir='ltr'><strong>epigr.</strong></span> 
     </span>
     <span class='ocr_line' id='line_1_9' title="bbox 186 1333 1243 1414; baseline -0.004 -13"><span class='ocrx_word' id='word_1_69' title='bbox 186 1353 242 1414; x_wconf 81' lang='lat' dir='ltr'><strong>pp.</strong></span> <span class='ocrx_word' id='word_1_70' title='bbox 268 1333 462 1412; x_wconf 82' lang='lat'>121—124):</span> <span class='ocrx_word' id='word_1_71' title='bbox 1240 1383 1243 1388; x_wconf 84' lang='lat'>-</span> 
     </span>
    </p>

    <p class='ocr_par' dir='ltr' id='par_1_5' title="bbox 184 1433 1312 1925">
     <span class='ocr_line' id='line_1_10' title="bbox 279 1433 1312 1519; baseline 0.004 -23"><span class='ocrx_word' id='word_1_72' title='bbox 279 1433 306 1514; x_wconf 85' lang='lat'><strong>1)</strong></span> <span class='ocrx_word' id='word_1_73' title='bbox 330 1438 360 1496; x_wconf 93' lang='lat' dir='ltr'><strong>in</strong></span> <span class='ocrx_word' id='word_1_74' title='bbox 383 1439 521 1515; x_wconf 86' lang='lat' dir='ltr'><strong>regione,</strong></span> <span class='ocrx_word' id='word_1_75' title='bbox 546 1456 622 1517; x_wconf 88' lang='lat' dir='ltr'><strong>quae</strong></span> <span class='ocrx_word' id='word_1_76' title='bbox 645 1437 752 1498; x_wconf 87' lang='lat' dir='ltr'><strong>dicitur</strong></span> <span class='ocrx_word' id='word_1_77' title='bbox 775 1438 887 1498; x_wconf 90' lang='lat' dir='ltr'><strong>Basse</strong></span> <span class='ocrx_word' id='word_1_78' title='bbox 910 1439 1065 1519; x_wconf 83' lang='lat' dir='ltr'><strong>Savoye:</strong></span> <span class='ocrx_word' id='word_1_79' title='bbox 1098 1441 1212 1500; x_wconf 81' lang='lat' dir='ltr'><strong>Viuters</strong></span> <span class='ocrx_word' id='word_1_80' title='bbox 1232 1441 1312 1500; x_wconf 89' lang='lat' dir='ltr'><strong>inter</strong></span> 
     </span>
     <span class='ocr_line' id='line_1_11' title="bbox 185 1537 1310 1620; baseline 0.004 -22"><span class='ocrx_word' id='word_1_81' title='bbox 185 1537 300 1617; x_wconf 93' lang='lat' dir='ltr'><strong>oppida</strong></span> <span class='ocrx_word' id='word_1_82' title='bbox 324 1537 488 1620; x_wconf 77' lang='lat' dir='ltr'><strong>Chambdry</strong></span> <span class='ocrx_word' id='word_1_83' title='bbox 513 1547 543 1599; x_wconf 93' lang='lat' dir='ltr'><strong>et</strong></span> <span class='ocrx_word' id='word_1_84' title='bbox 564 1541 634 1609; x_wconf 82' lang='lat' dir='ltr'><strong>Aix3</strong></span> <span class='ocrx_word' id='word_1_85' title='bbox 659 1539 736 1609; x_wconf 60' lang='lat' dir='ltr'><strong>Ate·</strong></span> <span class='ocrx_word' id='word_1_86' title='bbox 757 1539 798 1600; x_wconf 86' lang='lat' dir='ltr'><strong>St.</strong></span> <span class='ocrx_word' id='word_1_87' title='bbox 817 1540 919 1601; x_wconf 81' lang='lat' dir='ltr'><strong>Btcr&#39;se</strong></span> <span class='ocrx_word' id='word_1_88' title='bbox 939 1560 1035 1620; x_wconf 89' lang='lat' dir='ltr'><strong>prope</strong></span> <span class='ocrx_word' id='word_1_89' title='bbox 1050 1542 1152 1602; x_wconf 90' lang='lat' dir='ltr'><strong>Yeune</strong></span> <span class='ocrx_word' id='word_1_90' title='bbox 1175 1541 1210 1602; x_wconf 90' lang='lat' dir='ltr'><strong>ad</strong></span> <span class='ocrx_word' id='word_1_91' title='bbox 1231 1541 1310 1603; x_wconf 91' lang='lat' dir='ltr'><strong>Rbo-</strong></span> 
     </span>
     <span class='ocr_line' id='line_1_12' title="bbox 187 1640 1310 1723; baseline 0.004 -23"><span class='ocrx_word' id='word_1_92' title='bbox 187 1640 320 1708; x_wconf 90' lang='lat' dir='ltr'><strong>danum;</strong></span> <span class='ocrx_word' id='word_1_93' title='bbox 356 1642 449 1717; x_wconf 82' lang='lat' dir='ltr'><strong>Gresy</strong></span> <span class='ocrx_word' id='word_1_94' title='bbox 471 1642 551 1701; x_wconf 92' lang='lat' dir='ltr'><strong>inter</strong></span> <span class='ocrx_word' id='word_1_95' title='bbox 573 1643 653 1702; x_wconf 87' lang='lat' dir='ltr'><strong>vicos</strong></span> <span class='ocrx_word' id='word_1_96' title='bbox 675 1640 863 1703; x_wconf 86' lang='lat' dir='ltr'><strong>Montailleur</strong></span> <span class='ocrx_word' id='word_1_97' title='bbox 892 1650 921 1702; x_wconf 92' lang='lat' dir='ltr'><strong>et</strong></span> <span class='ocrx_word' id='word_1_98' title='bbox 949 1642 991 1703; x_wconf 86' lang='lat' dir='ltr'><strong>St.</strong></span> <span class='ocrx_word' id='word_1_99' title='bbox 1016 1643 1119 1704; x_wconf 90' lang='lat' dir='ltr'><strong>Pierre</strong></span> <span class='ocrx_word' id='word_1_100' title='bbox 1142 1641 1310 1723; x_wconf 79' lang='lat' dir='ltr'><strong>d&#39;Albigny3</strong></span> 
     </span>
     <span class='ocr_line' id='line_1_13' title="bbox 184 1743 1312 1825; baseline 0.004 -24"><span class='ocrx_word' id='word_1_101' title='bbox 184 1743 353 1802; x_wconf 80' lang='lat' dir='ltr'><strong>Fontotnes</strong></span> <span class='ocrx_word' id='word_1_102' title='bbox 374 1744 453 1802; x_wconf 90' lang='lat' dir='ltr'><strong>inter</strong></span> <span class='ocrx_word' id='word_1_103' title='bbox 475 1743 569 1822; x_wconf 85' lang='lat' dir='ltr'><strong>Gresy</strong></span> <span class='ocrx_word' id='word_1_104' title='bbox 593 1750 622 1804; x_wconf 90' lang='lat' dir='ltr'><strong>et</strong></span> <span class='ocrx_word' id='word_1_105' title='bbox 644 1743 686 1804; x_wconf 86' lang='lat' dir='ltr'><strong>St.</strong></span> <span class='ocrx_word' id='word_1_106' title='bbox 711 1743 812 1804; x_wconf 89' lang='lat' dir='ltr'><strong>Pierre</strong></span> <span class='ocrx_word' id='word_1_107' title='bbox 835 1743 1004 1825; x_wconf 86' lang='lat' dir='ltr'><strong>d&#39;Albigny;</strong></span> <span class='ocrx_word' id='word_1_108' title='bbox 1028 1745 1069 1806; x_wconf 86' lang='lat' dir='ltr'><strong>St.</strong></span> <span class='ocrx_word' id='word_1_109' title='bbox 1093 1746 1213 1807; x_wconf 81' lang='lat' dir='ltr'><strong>Marcet</strong></span> <span class='ocrx_word' id='word_1_110' title='bbox 1234 1748 1312 1807; x_wconf 91' lang='lat' dir='ltr'><strong>inter</strong></span> 
     </span>
     <span class='ocr_line' id='line_1_14' title="bbox 185 1841 825 1925; baseline 0 -21"><span class='ocrx_word' id='word_1_111' title='bbox 185 1841 321 1925; x_wconf 82' lang='lat' dir='ltr'><strong>Rumilly</strong></span> <span class='ocrx_word' id='word_1_112' title='bbox 344 1853 374 1904; x_wconf 92' lang='lat' dir='ltr'><strong>et</strong></span> <span class='ocrx_word' id='word_1_113' title='bbox 394 1844 468 1925; x_wconf 83' lang='lat' dir='ltr'><strong>Alby</strong></span> <span class='ocrx_word' id='word_1_114' title='bbox 491 1845 527 1905; x_wconf 92' lang='lat' dir='ltr'><strong>ad</strong></span> <span class='ocrx_word' id='word_1_115' title='bbox 550 1845 671 1906; x_wconf 79' lang='lat' dir='ltr'><strong>fluvium</strong></span> <span class='ocrx_word' id='word_1_116' title='bbox 695 1844 825 1913; x_wconf 88' lang='lat' dir='ltr'><strong>Cbe&#39;ran;</strong></span> 
     </span>
    </p>

    <p class='ocr_par' dir='ltr' id='par_1_6' title="bbox 184 1944 1311 2129">
     <span class='ocr_line' id='line_1_15' title="bbox 276 1944 1311 2026; baseline 0.004 -21"><span class='ocrx_word' id='word_1_117' title='bbox 276 1944 305 2024; x_wconf 82' lang='lat'><strong>2)</strong></span> <span class='ocrx_word' id='word_1_118' title='bbox 329 1947 360 2006; x_wconf 92' lang='lat' dir='ltr'><strong>in</strong></span> <span class='ocrx_word' id='word_1_119' title='bbox 382 1949 520 2024; x_wconf 88' lang='lat' dir='ltr'><strong>regione,</strong></span> <span class='ocrx_word' id='word_1_120' title='bbox 546 1965 621 2026; x_wconf 88' lang='lat' dir='ltr'><strong>quae</strong></span> <span class='ocrx_word' id='word_1_121' title='bbox 645 1948 753 2008; x_wconf 89' lang='lat' dir='ltr'><strong>dicitur</strong></span> <span class='ocrx_word' id='word_1_122' title='bbox 776 1948 978 2008; x_wconf 88' lang='lat' dir='ltr'><strong>Geuevois:</strong></span> <span class='ocrx_word' id='word_1_123' title='bbox 1002 1950 1170 2019; x_wconf 77' lang='lat' dir='ltr'><strong>monastero</strong></span> <span class='ocrx_word' id='word_1_124' title='bbox 1194 1948 1230 2008; x_wconf 94' lang='lat' dir='ltr'><strong>de</strong></span> <span class='ocrx_word' id='word_1_125' title='bbox 1249 1953 1311 2009; x_wconf 87' lang='lat' dir='ltr'><strong>Tu-</strong></span> 
     </span>
     <span class='ocr_line' id='line_1_16' title="bbox 184 2049 889 2129; baseline 0.001 -19"><span class='ocrx_word' id='word_1_126' title='bbox 184 2051 265 2110; x_wconf 79' lang='lat' dir='ltr'><strong>loe&#39;rc</strong></span> <span class='ocrx_word' id='word_1_127' title='bbox 286 2067 381 2127; x_wconf 91' lang='lat' dir='ltr'><strong>prope</strong></span> <span class='ocrx_word' id='word_1_128' title='bbox 404 2051 538 2129; x_wconf 65' lang='lat' dir='ltr'><strong>Annam,</strong></span> <span class='ocrx_word' id='word_1_129' title='bbox 563 2049 889 2129; x_wconf 78' lang='lat' dir='ltr'><strong>Gresy-en·Genevois;</strong></span> 
     </span>
    </p>

    <p class='ocr_par' dir='ltr' id='par_1_7' title="bbox 183 2148 1310 2944">
     <span class='ocr_line' id='line_1_17' title="bbox 215 2148 1309 2231; baseline 0.008 -27"><span class='ocrx_word' id='word_1_130' title='bbox 215 2194 220 2204; x_wconf 93' lang='lat'><em>.</em></span> <span class='ocrx_word' id='word_1_131' title='bbox 276 2148 305 2230; x_wconf 84' lang='grc'><strong>3)</strong></span> <span class='ocrx_word' id='word_1_132' title='bbox 334 2153 365 2210; x_wconf 90' lang='lat' dir='ltr'><strong>in</strong></span> <span class='ocrx_word' id='word_1_133' title='bbox 387 2152 510 2229; x_wconf 89' lang='lat' dir='ltr'><strong>regione</strong></span> <span class='ocrx_word' id='word_1_134' title='bbox 532 2151 737 2231; x_wconf 75' lang='lat' dir='ltr'><strong>Faucigny:</strong></span> <span class='ocrx_word' id='word_1_135' title='bbox 768 2151 880 2228; x_wconf 82' lang='lat' dir='ltr'><strong>Passy,</strong></span> <span class='ocrx_word' id='word_1_136' title='bbox 903 2152 986 2212; x_wconf 85' lang='lat' dir='ltr'><strong>vicus</strong></span> <span class='ocrx_word' id='word_1_137' title='bbox 1008 2153 1082 2212; x_wconf 88' lang='lat' dir='ltr'><strong>situs</strong></span> <span class='ocrx_word' id='word_1_138' title='bbox 1111 2152 1148 2212; x_wconf 92' lang='lat' dir='ltr'><strong>ad</strong></span> <span class='ocrx_word' id='word_1_139' title='bbox 1175 2153 1309 2214; x_wconf 83' lang='lat' dir='ltr'><strong>dextram</strong></span> 
     </span>
     <span class='ocr_line' id='line_1_18' title="bbox 184 2251 856 2333; baseline 0.003 -21"><span class='ocrx_word' id='word_1_140' title='bbox 184 2252 272 2312; x_wconf 85' lang='lat' dir='ltr'><strong>fluvii</strong></span> <span class='ocrx_word' id='word_1_141' title='bbox 294 2254 370 2313; x_wconf 90' lang='lat' dir='ltr'><strong>Arve</strong></span> <span class='ocrx_word' id='word_1_142' title='bbox 393 2255 488 2332; x_wconf 91' lang='lat' dir='ltr'><strong>ripam</strong></span> <span class='ocrx_word' id='word_1_143' title='bbox 512 2271 606 2333; x_wconf 92' lang='lat' dir='ltr'><strong>prope</strong></span> <span class='ocrx_word' id='word_1_144' title='bbox 630 2251 797 2314; x_wconf 81' lang='lat' dir='ltr'><strong>Sallancbe.</strong></span> <span class='ocrx_word' id='word_1_145' title='bbox 823 2287 856 2297; x_wconf 88' lang='lat'><em>-</em></span> 
     </span>
     <span class='ocr_line' id='line_1_19' title="bbox 185 2353 1310 2433; baseline 0.003 -20"><span class='ocrx_word' id='word_1_146' title='bbox 185 2353 276 2426; x_wconf 81' lang='lat' dir='ltr'><strong>Quod</strong></span> <span class='ocrx_word' id='word_1_147' title='bbox 310 2356 419 2433; x_wconf 91' lang='lat' dir='ltr'><strong>optime</strong></span> <span class='ocrx_word' id='word_1_148' title='bbox 443 2355 579 2432; x_wconf 91' lang='lat' dir='ltr'><strong>·quadrat</strong></span> <span class='ocrx_word' id='word_1_149' title='bbox 611 2354 725 2424; x_wconf 89' lang='lat' dir='ltr'><strong>adid,</strong></span> <span class='ocrx_word' id='word_1_150' title='bbox 759 2355 838 2433; x_wconf 91' lang='lat' dir='ltr'><strong>quod</strong></span> <span class='ocrx_word' id='word_1_151' title='bbox 872 2354 1001 2415; x_wconf 85' lang='lat' dir='ltr'><strong>diximus</strong></span> <span class='ocrx_word' id='word_1_152' title='bbox 1040 2354 1077 2414; x_wconf 92' lang='lat' dir='ltr'><strong>de</strong></span> <span class='ocrx_word' id='word_1_153' title='bbox 1111 2355 1310 2417; x_wconf 86' lang='lat' dir='ltr'><strong>Ceutronibus</strong></span> 
     </span>
     <span class='ocr_line' id='line_1_20' title="bbox 185 2456 1309 2534; baseline 0.002 -18"><span class='ocrx_word' id='word_1_154' title='bbox 185 2462 218 2516; x_wconf 92' lang='lat' dir='ltr'><strong>et</strong></span> <span class='ocrx_word' id='word_1_155' title='bbox 244 2456 448 2518; x_wconf 86' lang='lat' dir='ltr'><strong>Nantuatibus.</strong></span> <span class='ocrx_word' id='word_1_156' title='bbox 494 2457 708 2518; x_wconf 89' lang='lat' dir='ltr'><strong>Pertiuuerunt</strong></span> <span class='ocrx_word' id='word_1_157' title='bbox 728 2459 818 2534; x_wconf 89' lang='lat' dir='ltr'><strong>igitur</strong></span> <span class='ocrx_word' id='word_1_158' title='bbox 841 2457 877 2518; x_wconf 91' lang='lat' dir='ltr'><strong>ad</strong></span> <span class='ocrx_word' id='word_1_159' title='bbox 899 2457 1123 2518; x_wconf 89' lang='lat' dir='ltr'><strong>Narbonensem</strong></span> <span class='ocrx_word' id='word_1_160' title='bbox 1146 2456 1309 2518; x_wconf 87' lang='lat' dir='ltr'><strong>Sabaudiae</strong></span> 
     </span>
     <span class='ocr_line' id='line_1_21' title="bbox 184 2558 1310 2640; baseline 0.003 -23"><span class='ocrx_word' id='word_1_161' title='bbox 184 2565 290 2638; x_wconf 88' lang='lat' dir='ltr'><strong>partes</strong></span> <span class='ocrx_word' id='word_1_162' title='bbox 312 2558 549 2638; x_wconf 76' lang='lat' dir='ltr'><strong>flasse-Savoye,</strong></span> <span class='ocrx_word' id='word_1_163' title='bbox 574 2561 734 2629; x_wconf 89' lang='lat' dir='ltr'><strong>Geuevois,</strong></span> <span class='ocrx_word' id='word_1_164' title='bbox 758 2561 921 2640; x_wconf 81' lang='lat' dir='ltr'><strong>Faucigny‚</strong></span> <span class='ocrx_word' id='word_1_165' title='bbox 946 2568 1048 2620; x_wconf 91' lang='lat' dir='ltr'><strong>contra</strong></span> <span class='ocrx_word' id='word_1_166' title='bbox 1070 2561 1152 2636; x_wconf 87' lang='lat' dir='ltr'><strong>regio</strong></span> <span class='ocrx_word' id='word_1_167' title='bbox 1175 2558 1310 2621; x_wconf 84' lang='lat' dir='ltr'><strong>Chablais</strong></span> 
     </span>
     <span class='ocr_line' id='line_1_22' title="bbox 183 2660 1309 2742; baseline 0 -20"><span class='ocrx_word' id='word_1_168' title='bbox 183 2660 382 2722; x_wconf 88' lang='lat' dir='ltr'><strong>Nantuatium</strong></span> <span class='ocrx_word' id='word_1_169' title='bbox 404 2667 482 2730; x_wconf 92' lang='lat' dir='ltr'><strong>erat,</strong></span> <span class='ocrx_word' id='word_1_170' title='bbox 507 2668 537 2720; x_wconf 90' lang='lat' dir='ltr'><strong>et</strong></span> <span class='ocrx_word' id='word_1_171' title='bbox 558 2660 798 2742; x_wconf 81' lang='lat' dir='ltr'><strong>flaute-Savoye,</strong></span> <span class='ocrx_word' id='word_1_172' title='bbox 828 2680 904 2739; x_wconf 87' lang='lat' dir='ltr'><strong>quae</strong></span> <span class='ocrx_word' id='word_1_173' title='bbox 932 2663 1016 2738; x_wconf 88' lang='lat' dir='ltr'><strong>regio</strong></span> <span class='ocrx_word' id='word_1_174' title='bbox 1044 2680 1059 2721; x_wconf 92' lang='lat' dir='ltr'><strong>a</strong></span> <span class='ocrx_word' id='word_1_175' title='bbox 1088 2660 1191 2721; x_wconf 85' lang='lat' dir='ltr'><strong>dextra</strong></span> <span class='ocrx_word' id='word_1_176' title='bbox 1213 2663 1309 2723; x_wconf 90' lang='lat' dir='ltr'><strong>Isarae</strong></span> 
     </span>
     <span class='ocr_line' id='line_1_23' title="bbox 183 2762 1309 2842; baseline 0.002 -20"><span class='ocrx_word' id='word_1_177' title='bbox 183 2762 472 2841; x_wconf 74' lang='lat' dir='ltr'><strong>superioris&#39;ustpue</strong></span> <span class='ocrx_word' id='word_1_178' title='bbox 495 2763 530 2822; x_wconf 90' lang='lat' dir='ltr'><strong>ad</strong></span> <span class='ocrx_word' id='word_1_179' title='bbox 554 2764 667 2824; x_wconf 86' lang='lat' dir='ltr'><strong>iontem</strong></span> <span class='ocrx_word' id='word_1_180' title='bbox 694 2763 776 2823; x_wconf 77' lang='lat' dir='ltr'><strong>fluvii</strong></span> <span class='ocrx_word' id='word_1_181' title='bbox 803 2766 935 2842; x_wconf 88' lang='lat' dir='ltr'><strong>pertinet</strong></span> <span class='ocrx_word' id='word_1_182' title='bbox 962 2781 1055 2841; x_wconf 88' lang='lat' dir='ltr'><strong>aeque</strong></span> <span class='ocrx_word' id='word_1_183' title='bbox 1083 2782 1117 2823; x_wconf 89' lang='lat' dir='ltr'><strong>ac</strong></span> <span class='ocrx_word' id='word_1_184' title='bbox 1139 2763 1309 2824; x_wconf 89' lang='lat' dir='ltr'><strong>Tarantasia</strong></span> 
     </span>
     <span class='ocr_line' id='line_1_24' title="bbox 185 2853 1308 2944; baseline -0.002 -20"><span class='ocrx_word' id='word_1_185' title='bbox 185 2870 256 2925; x_wconf 88' lang='lat' dir='ltr'><strong>erat</strong></span> <span class='ocrx_word' id='word_1_186' title='bbox 286 2863 486 2943; x_wconf 89' lang='lat' dir='ltr'><strong>Ceutronum,</strong></span> <span class='ocrx_word' id='word_1_187' title='bbox 522 2872 610 2942; x_wconf 89' lang='lat' dir='ltr'><strong>atque</strong></span> <span class='ocrx_word' id='word_1_188' title='bbox 642 2863 691 2924; x_wconf 90' lang='lat' dir='ltr'><strong>bio</strong></span> <span class='ocrx_word' id='word_1_189' title='bbox 722 2881 840 2944; x_wconf 89' lang='lat' dir='ltr'><strong>quoque</strong></span> <span class='ocrx_word' id='word_1_190' title='bbox 872 2863 1019 2938; x_wconf 88' lang='lat' dir='ltr'><strong>videmus,</strong></span> <span class='ocrx_word' id='word_1_191' title='bbox 1050 2853 1164 2924; x_wconf 90' lang='lat' dir='ltr'><strong>summa</strong></span> <span class='ocrx_word' id='word_1_192' title='bbox 1191 2863 1308 2941; x_wconf 92' lang='lat' dir='ltr'><strong>Alpium</strong></span> 
     </span>
    </p>
   </div>
   <div class='ocr_carea' id='block_1_5' title="bbox 184 2963 1401 3046">
    <p class='ocr_par' dir='ltr' id='par_1_8' title="bbox 184 2963 1401 3046">
     <span class='ocr_line' id='line_1_25' title="bbox 184 2963 1401 3046; baseline -0.003 -20"><span class='ocrx_word' id='word_1_193' title='bbox 184 2963 338 3034; x_wconf 87' lang='lat' dir='ltr'><strong>culmina,</strong></span> <span class='ocrx_word' id='word_1_194' title='bbox 361 2984 490 3044; x_wconf 87' lang='lat' dir='ltr'><strong>quorum</strong></span> <span class='ocrx_word' id='word_1_195' title='bbox 518 2968 680 3028; x_wconf 87' lang='lat' dir='ltr'><strong>transitum</strong></span> <span class='ocrx_word' id='word_1_196' title='bbox 705 2966 740 3027; x_wconf 91' lang='lat' dir='ltr'><strong>ab</strong></span> <span class='ocrx_word' id='word_1_197' title='bbox 770 2967 852 3025; x_wconf 92' lang='lat' dir='ltr'><strong>omni</strong></span> <span class='ocrx_word' id='word_1_198' title='bbox 879 2964 1023 3044; x_wconf 63' lang='lat' dir='ltr'><strong>periculo,</strong></span> <span class='ocrx_word' id='word_1_199' title='bbox 1041 2970 1138 3024; x_wconf 90' lang='lat' dir='ltr'><strong>tutum</strong></span> <span class='ocrx_word' id='word_1_200' title='bbox 1161 2981 1226 3024; x_wconf 90' lang='lat' dir='ltr'><strong>osse</strong></span> <span class='ocrx_word' id='word_1_201' title='bbox 1249 2964 1307 3023; x_wconf 88' lang='lat' dir='ltr'><strong>Ro·</strong></span> <span class='ocrx_word' id='word_1_202' title='bbox 1398 3039 1401 3046; x_wconf 13' lang='grc' dir='ltr'><strong>Ἰ</strong></span> 
     </span>
    </p>
   </div>
   <div class='ocr_carea' id='block_1_6' title="bbox 183 3067 1309 3960">
    <p class='ocr_par' dir='ltr' id='par_1_9' title="bbox 183 3067 1309 3960">
     <span class='ocr_line' id='line_1_26' title="bbox 184 3067 1275 3145; baseline -0.005 -15"><span class='ocrx_word' id='word_1_203' title='bbox 184 3085 348 3130; x_wconf 85' lang='lat' dir='ltr'><strong>manorum</strong></span> <span class='ocrx_word' id='word_1_204' title='bbox 370 3067 497 3128; x_wconf 84' lang='lat' dir='ltr'><strong>maxime&#39;</strong></span> <span class='ocrx_word' id='word_1_205' title='bbox 519 3069 677 3137; x_wconf 87' lang='lat' dir='ltr'><strong>intererat,</strong></span> <span class='ocrx_word' id='word_1_206' title='bbox 702 3086 717 3128; x_wconf 92' lang='lat' dir='ltr'><strong>a</strong></span> <span class='ocrx_word' id='word_1_207' title='bbox 740 3068 892 3145; x_wconf 90' lang='lat' dir='ltr'><strong>provincia</strong></span> <span class='ocrx_word' id='word_1_208' title='bbox 914 3067 1021 3128; x_wconf 92' lang='lat' dir='ltr'><strong>inermi</strong></span> <span class='ocrx_word' id='word_1_209' title='bbox 1044 3083 1109 3125; x_wconf 85' lang='lat' dir='ltr'><strong>esse</strong></span> <span class='ocrx_word' id='word_1_210' title='bbox 1132 3072 1275 3144; x_wconf 90' lang='lat' dir='ltr'><strong>separata.</strong></span> 
     </span>
     <span class='ocr_line' id='line_1_27' title="bbox 275 3167 1307 3248; baseline 0 -20"><span class='ocrx_word' id='word_1_211' title='bbox 275 3168 336 3229; x_wconf 89' lang='lat' dir='ltr'><strong>lam</strong></span> <span class='ocrx_word' id='word_1_212' title='bbox 357 3188 428 3230; x_wconf 89' lang='lat' dir='ltr'><strong>vero</strong></span> <span class='ocrx_word' id='word_1_213' title='bbox 451 3170 482 3229; x_wconf 93' lang='lat' dir='ltr'><strong>in</strong></span> <span class='ocrx_word' id='word_1_214' title='bbox 505 3169 561 3230; x_wconf 90' lang='lat' dir='ltr'><strong>bac</strong></span> <span class='ocrx_word' id='word_1_215' title='bbox 582 3171 720 3248; x_wconf 88' lang='lat' dir='ltr'><strong>regione,</strong></span> <span class='ocrx_word' id='word_1_216' title='bbox 746 3186 821 3247; x_wconf 88' lang='lat' dir='ltr'><strong>quae</strong></span> <span class='ocrx_word' id='word_1_217' title='bbox 844 3169 880 3228; x_wconf 95' lang='lat' dir='ltr'><strong>ab</strong></span> <span class='ocrx_word' id='word_1_218' title='bbox 897 3167 1040 3228; x_wconf 87' lang='lat' dir='ltr'><strong>Rhodano</strong></span> <span class='ocrx_word' id='word_1_219' title='bbox 1057 3168 1199 3228; x_wconf 91' lang='lat' dir='ltr'><strong>Viennam</strong></span> <span class='ocrx_word' id='word_1_220' title='bbox 1222 3186 1307 3247; x_wconf 89' lang='lat' dir='ltr'><strong>prae·</strong></span> 
     </span>
     <span class='ocr_line' id='line_1_28' title="bbox 183 3268 1307 3348; baseline -0.004 -16"><span class='ocrx_word' id='word_1_221' title='bbox 183 3269 348 3332; x_wconf 90' lang='lat' dir='ltr'><strong>terllueute</strong></span> <span class='ocrx_word' id='word_1_222' title='bbox 370 3272 407 3332; x_wconf 87' lang='lat' dir='ltr'><strong>ad</strong></span> <span class='ocrx_word' id='word_1_223' title='bbox 429 3274 506 3330; x_wconf 84' lang='lat' dir='ltr'><strong>Aroe</strong></span> <span class='ocrx_word' id='word_1_224' title='bbox 527 3271 666 3341; x_wconf 85' lang='lat' dir='ltr'><strong>fluvium,</strong></span> <span class='ocrx_word' id='word_1_225' title='bbox 691 3270 727 3332; x_wconf 94' lang='lat' dir='ltr'><strong>ab</strong></span> <span class='ocrx_word' id='word_1_226' title='bbox 750 3271 831 3331; x_wconf 89' lang='lat' dir='ltr'><strong>Isara</strong></span> <span class='ocrx_word' id='word_1_227' title='bbox 853 3269 889 3330; x_wconf 85' lang='lat' dir='ltr'><strong>ad</strong></span> <span class='ocrx_word' id='word_1_228' title='bbox 915 3268 1013 3330; x_wconf 88' lang='lat' dir='ltr'><strong>lacum</strong></span> <span class='ocrx_word' id='word_1_229' title='bbox 1032 3268 1217 3330; x_wconf 90' lang='lat' dir='ltr'><strong>Lemannum</strong></span> <span class='ocrx_word' id='word_1_230' title='bbox 1239 3289 1307 3348; x_wconf 87' lang='lat' dir='ltr'><strong>per-</strong></span> 
     </span>
     <span class='ocr_line' id='line_1_29' title="bbox 183 3370 1309 3452; baseline -0.002 -20"><span class='ocrx_word' id='word_1_231' title='bbox 183 3375 274 3442; x_wconf 86' lang='lat' dir='ltr'><strong>tinet,</strong></span> <span class='ocrx_word' id='word_1_232' title='bbox 299 3389 374 3450; x_wconf 88' lang='lat' dir='ltr'><strong>quae</strong></span> <span class='ocrx_word' id='word_1_233' title='bbox 390 3380 475 3434; x_wconf 90' lang='lat' dir='ltr'><strong>eraut</strong></span> <span class='ocrx_word' id='word_1_234' title='bbox 498 3373 625 3452; x_wconf 84' lang='lat' dir='ltr'><strong>oppida?</strong></span> <span class='ocrx_word' id='word_1_235' title='bbox 655 3374 719 3434; x_wconf 92' lang='lat' dir='ltr'><strong>Una</strong></span> <span class='ocrx_word' id='word_1_236' title='bbox 734 3374 890 3441; x_wconf 85' lang='lat' dir='ltr'><strong>Vienna,</strong></span> <span class='ocrx_word' id='word_1_237' title='bbox 921 3375 1042 3444; x_wconf 75' lang='lat' dir='ltr'><strong>Vienna,</strong></span> <span class='ocrx_word' id='word_1_238' title='bbox 1066 3370 1181 3432; x_wconf 87' lang='lat' dir='ltr'><strong>colonia</strong></span> <span class='ocrx_word' id='word_1_239' title='bbox 1196 3373 1309 3432; x_wconf 90' lang='lat' dir='ltr'><strong>Vienna</strong></span> 
     </span>
     <span class='ocr_line' id='line_1_30' title="bbox 185 3472 1309 3555; baseline -0.001 -21"><span class='ocrx_word' id='word_1_240' title='bbox 185 3476 270 3555; x_wconf 91' lang='lat' dir='ltr'><strong>(app.</strong></span> <span class='ocrx_word' id='word_1_241' title='bbox 294 3492 323 3535; x_wconf 88' lang='lat' dir='ltr'><strong>n.</strong></span> <span class='ocrx_word' id='word_1_242' title='bbox 348 3480 419 3541; x_wconf 80' lang='lat'><strong>502.</strong></span> <span class='ocrx_word' id='word_1_243' title='bbox 441 3472 574 3553; x_wconf 77' lang='lat' dir='ltr'><strong>passim).</strong></span> <span class='ocrx_word' id='word_1_244' title='bbox 605 3473 730 3552; x_wconf 88' lang='lat' dir='ltr'><strong>Reliqua</strong></span> <span class='ocrx_word' id='word_1_245' title='bbox 748 3474 813 3535; x_wconf 89' lang='lat' dir='ltr'><strong>loca</strong></span> <span class='ocrx_word' id='word_1_246' title='bbox 837 3475 949 3542; x_wconf 89' lang='lat' dir='ltr'><strong>omnia,</strong></span> <span class='ocrx_word' id='word_1_247' title='bbox 974 3479 1006 3536; x_wconf 95' lang='lat' dir='ltr'><strong>ut</strong></span> <span class='ocrx_word' id='word_1_248' title='bbox 1028 3473 1138 3533; x_wconf 89' lang='lat' dir='ltr'><strong>diserte</strong></span> <span class='ocrx_word' id='word_1_249' title='bbox 1160 3479 1309 3534; x_wconf 89' lang='lat' dir='ltr'><strong>testantur</strong></span> 
     </span>
     <span class='ocr_line' id='line_1_31' title="bbox 183 3573 1307 3653; baseline -0.004 -15"><span class='ocrx_word' id='word_1_250' title='bbox 183 3576 413 3653; x_wconf 86' lang='lat' dir='ltr'><strong>inscriptiones,</strong></span> <span class='ocrx_word' id='word_1_251' title='bbox 438 3578 571 3638; x_wconf 89' lang='lat' dir='ltr'><strong>vicorum</strong></span> <span class='ocrx_word' id='word_1_252' title='bbox 600 3575 666 3637; x_wconf 92' lang='lat' dir='ltr'><strong>loco</strong></span> <span class='ocrx_word' id='word_1_253' title='bbox 690 3584 774 3637; x_wconf 90' lang='lat' dir='ltr'><strong>erant</strong></span> <span class='ocrx_word' id='word_1_254' title='bbox 796 3577 926 3636; x_wconf 90' lang='lat' dir='ltr'><strong>Viennae</strong></span> <span class='ocrx_word' id='word_1_255' title='bbox 950 3574 1201 3644; x_wconf 87' lang='lat' dir='ltr'><strong>contributorum‚</strong></span> <span class='ocrx_word' id='word_1_256' title='bbox 1230 3573 1307 3636; x_wconf 89' lang='lat' dir='ltr'><strong>soili-</strong></span> 
     </span>
     <span class='ocr_line' id='line_1_32' title="bbox 184 3675 1308 3757; baseline -0.002 -19"><span class='ocrx_word' id='word_1_257' title='bbox 184 3683 240 3738; x_wconf 89' lang='lat' dir='ltr'><strong>cet</strong></span> <span class='ocrx_word' id='word_1_258' title='bbox 266 3678 348 3738; x_wconf 78' lang='lat' dir='ltr'><strong>dous</strong></span> <span class='ocrx_word' id='word_1_259' title='bbox 370 3675 493 3748; x_wconf 85' lang='lat' dir='ltr'><strong>Cularo,</strong></span> <span class='ocrx_word' id='word_1_260' title='bbox 524 3695 600 3756; x_wconf 91' lang='lat' dir='ltr'><strong>quae</strong></span> <span class='ocrx_word' id='word_1_261' title='bbox 629 3686 732 3757; x_wconf 91' lang='lat' dir='ltr'><strong>postea</strong></span> <span class='ocrx_word' id='word_1_262' title='bbox 761 3685 825 3738; x_wconf 92' lang='lat' dir='ltr'><strong>erat</strong></span> <span class='ocrx_word' id='word_1_263' title='bbox 853 3679 953 3738; x_wconf 90' lang='lat' dir='ltr'><strong>civitas</strong></span> <span class='ocrx_word' id='word_1_264' title='bbox 976 3676 1195 3754; x_wconf 86' lang='lat' dir='ltr'><strong>Gratianopolis</strong></span> <span class='ocrx_word' id='word_1_265' title='bbox 1219 3676 1308 3756; x_wconf 84' lang='lat' dir='ltr'><strong>(Gre-</strong></span> 
     </span>
     <span class='ocr_line' id='line_1_33' title="bbox 183 3764 1309 3858; baseline -0.002 -18"><span class='ocrx_word' id='word_1_266' title='bbox 183 3776 305 3856; x_wconf 78' lang='lat' dir='ltr'><strong>noete),</strong></span> <span class='ocrx_word' id='word_1_267' title='bbox 330 3781 410 3840; x_wconf 90' lang='lat' dir='ltr'><strong>vicus</strong></span> <span class='ocrx_word' id='word_1_268' title='bbox 432 3783 583 3858; x_wconf 86' lang='lat' dir='ltr'><strong>Augustus</strong></span> <span class='ocrx_word' id='word_1_269' title='bbox 607 3764 777 3858; x_wconf 53' lang='lat' dir='ltr'><strong>(ateste-&#39;St</strong></span> <span class='ocrx_word' id='word_1_270' title='bbox 801 3781 904 3851; x_wconf 66' lang='lat' dir='ltr'><strong>Garris,</strong></span> <span class='ocrx_word' id='word_1_271' title='bbox 929 3781 996 3854; x_wconf 76' lang='lat' dir='ltr'><strong>dep.</strong></span> <span class='ocrx_word' id='word_1_272' title='bbox 1019 3779 1057 3840; x_wconf 84' lang='lat' dir='ltr'><strong>de</strong></span> <span class='ocrx_word' id='word_1_273' title='bbox 1078 3774 1197 3856; x_wconf 81' lang='lat' dir='ltr'><strong>t&#39;Ise&#39;re)</strong></span> <span class='ocrx_word' id='word_1_274' title='bbox 1226 3780 1309 3838; x_wconf 87' lang='lat' dir='ltr'><strong>vicus</strong></span> 
     </span>
     <span class='ocr_line' id='line_1_34' title="bbox 185 3878 1308 3960; baseline -0.004 -18"><span class='ocrx_word' id='word_1_275' title='bbox 185 3881 308 3942; x_wconf 88' lang='lat' dir='ltr'><strong>Genava</strong></span> <span class='ocrx_word' id='word_1_276' title='bbox 337 3879 500 3960; x_wconf 83' lang='lat' dir='ltr'><strong>(Gene&#39;oe),</strong></span> <span class='ocrx_word' id='word_1_277' title='bbox 524 3884 607 3942; x_wconf 77' lang='lat' dir='ltr'><strong>dous</strong></span> <span class='ocrx_word' id='word_1_278' title='bbox 628 3880 818 3942; x_wconf 88' lang='lat' dir='ltr'><strong>Albinnensis</strong></span> <span class='ocrx_word' id='word_1_279' title='bbox 841 3881 943 3957; x_wconf 67' lang='lat' dir='ltr'><strong>(Albe,</strong></span> <span class='ocrx_word' id='word_1_280' title='bbox 966 3898 1003 3941; x_wconf 86' lang='lat' dir='ltr'><strong>en</strong></span> <span class='ocrx_word' id='word_1_281' title='bbox 1026 3879 1159 3958; x_wconf 79' lang='lat' dir='ltr'><strong>Sauoye).</strong></span> <span class='ocrx_word' id='word_1_282' title='bbox 1204 3878 1308 3956; x_wconf 87' lang='lat' dir='ltr'><strong>Neque</strong></span> 
     </span>
    </p>
   </div>
   <div class='ocr_carea' id='block_1_7' title="bbox 179 3979 1308 4552">
    <p class='ocr_par' dir='ltr' id='par_1_10' title="bbox 185 3979 1306 4061">
     <span class='ocr_line' id='line_1_35' title="bbox 185 3979 1306 4061; baseline -0.005 -17"><span class='ocrx_word' id='word_1_283' title='bbox 185 3983 270 4044; x_wconf 89' lang='lat' dir='ltr'><strong>cuim</strong></span> <span class='ocrx_word' id='word_1_284' title='bbox 294 3982 407 4052; x_wconf 88' lang='lat' dir='ltr'><strong>solum,</strong></span> <span class='ocrx_word' id='word_1_285' title='bbox 432 3982 551 4061; x_wconf 89' lang='lat' dir='ltr'><strong>quibis</strong></span> <span class='ocrx_word' id='word_1_286' title='bbox 575 3983 649 4043; x_wconf 90' lang='lat' dir='ltr'><strong>locis</strong></span> <span class='ocrx_word' id='word_1_287' title='bbox 671 3990 742 4044; x_wconf 93' lang='lat' dir='ltr'><strong>sunt</strong></span> <span class='ocrx_word' id='word_1_288' title='bbox 762 3983 898 4043; x_wconf 89' lang='lat' dir='ltr'><strong>homines</strong></span> <span class='ocrx_word' id='word_1_289' title='bbox 920 3981 1071 4050; x_wconf 90' lang='lat' dir='ltr'><strong>honorati,</strong></span> <span class='ocrx_word' id='word_1_290' title='bbox 1095 3981 1224 4041; x_wconf 91' lang='lat' dir='ltr'><strong>Viennae</strong></span> <span class='ocrx_word' id='word_1_291' title='bbox 1239 3979 1306 4040; x_wconf 84' lang='lat' dir='ltr'><strong>lun-</strong></span> 
     </span>
    </p>

    <p class='ocr_par' dir='ltr' id='par_1_11' title="bbox 182 4079 1305 4164">
     <span class='ocr_line' id='line_1_36' title="bbox 182 4079 1305 4164; baseline -0.006 -19"><span class='ocrx_word' id='word_1_292' title='bbox 182 4091 302 4164; x_wconf 88' lang='lat' dir='ltr'><strong>guntur</strong></span> <span class='ocrx_word' id='word_1_293' title='bbox 324 4084 488 4146; x_wconf 90' lang='lat' dir='ltr'><strong>bonoribus</strong></span> <span class='ocrx_word' id='word_1_294' title='bbox 517 4093 546 4144; x_wconf 91' lang='lat' dir='ltr'><strong>et</strong></span> <span class='ocrx_word' id='word_1_295' title='bbox 568 4084 758 4154; x_wconf 66' lang='lat' dir='ltr'><strong>muneribus</strong></span> <span class='ocrx_word' id='word_1_296' title='bbox 788 4083 840 4145; x_wconf 90' lang='lat' dir='ltr'><strong>sed</strong></span> <span class='ocrx_word' id='word_1_297' title='bbox 864 4084 952 4144; x_wconf 89' lang='lat' dir='ltr'><strong>etiam</strong></span> <span class='ocrx_word' id='word_1_298' title='bbox 975 4082 1069 4142; x_wconf 88' lang='lat' dir='ltr'><strong>vicani</strong></span> <span class='ocrx_word' id='word_1_299' title='bbox 1097 4079 1234 4140; x_wconf 90' lang='lat' dir='ltr'><strong>dicuntur</strong></span> <span class='ocrx_word' id='word_1_300' title='bbox 1260 4081 1305 4138; x_wconf 89' lang='lat' dir='ltr'><strong>in-</strong></span> 
     </span>
    </p>

    <p class='ocr_par' dir='ltr' id='par_1_12' title="bbox 183 4180 1306 4268">
     <span class='ocr_line' id='line_1_37' title="bbox 183 4180 1306 4268; baseline -0.001 -19"><span class='ocrx_word' id='word_1_301' title='bbox 183 4185 282 4256; x_wconf 91' lang='lat' dir='ltr'><strong>colae,</strong></span> <span class='ocrx_word' id='word_1_302' title='bbox 308 4187 402 4246; x_wconf 91' lang='lat' dir='ltr'><strong>vicani</strong></span> <span class='ocrx_word' id='word_1_303' title='bbox 416 4189 581 4265; x_wconf 86' lang='lat' dir='ltr'><strong>Augustani</strong></span> <span class='ocrx_word' id='word_1_304' title='bbox 598 4188 674 4268; x_wconf 90' lang='lat' dir='ltr'><strong>(app.</strong></span> <span class='ocrx_word' id='word_1_305' title='bbox 692 4205 721 4246; x_wconf 89' lang='lat' dir='ltr'><strong>n.</strong></span> <span class='ocrx_word' id='word_1_306' title='bbox 739 4183 828 4261; x_wconf 66' lang='lat'><strong>568),</strong></span> <span class='ocrx_word' id='word_1_307' title='bbox 845 4185 940 4246; x_wconf 76' lang='lat' dir='ltr'><strong>vicani</strong></span> <span class='ocrx_word' id='word_1_308' title='bbox 956 4183 1144 4244; x_wconf 78' lang='lat' dir='ltr'><strong>Genavenses</strong></span> <span class='ocrx_word' id='word_1_309' title='bbox 1168 4180 1206 4260; x_wconf 83' lang='lat'><em>(11-</em></span> <span class='ocrx_word' id='word_1_310' title='bbox 1224 4181 1306 4255; x_wconf 82' lang='lat'>589).</span> 
     </span>
    </p>

    <p class='ocr_par' dir='ltr' id='par_1_13' title="bbox 180 4286 1308 4371">
     <span class='ocr_line' id='line_1_38' title="bbox 180 4286 1308 4371; baseline -0.009 -19"><span class='ocrx_word' id='word_1_311' title='bbox 180 4289 286 4352; x_wconf 86' lang='lat' dir='ltr'><strong>vicani</strong></span> <span class='ocrx_word' id='word_1_312' title='bbox 308 4287 506 4350; x_wconf 88' lang='lat' dir='ltr'><strong>Albinnenses</strong></span> <span class='ocrx_word' id='word_1_313' title='bbox 531 4290 570 4371; x_wconf 87' lang='lat' dir='ltr'><strong>(n.</strong></span> <span class='ocrx_word' id='word_1_314' title='bbox 595 4286 683 4366; x_wconf 79' lang='lat'>579);</span> <span class='ocrx_word' id='word_1_315' title='bbox 710 4287 886 4349; x_wconf 85' lang='lat' dir='ltr'><strong>Cularonem</strong></span> <span class='ocrx_word' id='word_1_316' title='bbox 904 4291 1023 4352; x_wconf 89' lang='lat' dir='ltr'><strong>autem,</strong></span> <span class='ocrx_word' id='word_1_317' title='bbox 1047 4299 1224 4360; x_wconf 87' lang='lat' dir='ltr'><strong>quamquam</strong></span> <span class='ocrx_word' id='word_1_318' title='bbox 1247 4299 1308 4342; x_wconf 92' lang='lat' dir='ltr'><strong>non</strong></span> 
     </span>
    </p>

    <p class='ocr_par' dir='ltr' id='par_1_14' title="bbox 179 4383 1308 4552">
     <span class='ocr_line' id='line_1_39' title="bbox 179 4383 1308 4468; baseline -0.01 -14"><span class='ocrx_word' id='word_1_319' title='bbox 179 4393 301 4454; x_wconf 90' lang='lat' dir='ltr'><strong>diserte</strong></span> <span class='ocrx_word' id='word_1_320' title='bbox 316 4389 425 4451; x_wconf 89' lang='lat' dir='ltr'><strong>dicitur</strong></span> <span class='ocrx_word' id='word_1_321' title='bbox 440 4390 538 4460; x_wconf 90' lang='lat' dir='ltr'><strong>vicus,</strong></span> <span class='ocrx_word' id='word_1_322' title='bbox 562 4399 661 4452; x_wconf 87' lang='lat' dir='ltr'><strong>tamen</strong></span> <span class='ocrx_word' id='word_1_323' title='bbox 676 4390 817 4468; x_wconf 88' lang='lat' dir='ltr'><strong>quoniam</strong></span> <span class='ocrx_word' id='word_1_324' title='bbox 834 4386 970 4446; x_wconf 88' lang='lat' dir='ltr'><strong>homines</strong></span> <span class='ocrx_word' id='word_1_325' title='bbox 985 4383 1162 4446; x_wconf 84' lang='lat' dir='ltr'><strong>Cularenses</strong></span> <span class='ocrx_word' id='word_1_326' title='bbox 1178 4383 1308 4443; x_wconf 90' lang='lat' dir='ltr'><strong>Viennae</strong></span> 
     </span>
     <span class='ocr_line' id='line_1_40' title="bbox 1034 4487 1101 4552; baseline 0 0"><span class='ocrx_word' id='word_1_327' title='bbox 1034 4491 1072 4552; x_wconf 91' lang='lat'><strong>10</strong></span> <span class='ocrx_word' id='word_1_328' title='bbox 1085 4487 1101 4525; x_wconf 86' lang='lat'><em>*</em></span> 
     </span>
    </p>
   </div>
   <div class='ocr_carea' id='block_1_8' title="bbox 0 0 1582 5162">
    <p class='ocr_par' dir='ltr' id='par_1_15' title="bbox 0 0 1582 5162">
     <span class='ocr_line' id='line_1_41' title="bbox 0 0 1582 5162; baseline 0 1"><span class='ocrx_word' id='word_1_329' title='bbox 0 0 1582 5162; x_wconf 95' lang='lat' dir='ltr'><strong> </strong></span> 
     </span>
    </p>
   </div>
  </div>
 </body>
</html>
