3184 5162
613 443 837 500 raooamvna
1252 454 1271 511 7

149 617 248 692 potest
271 610 437 688 significare
461 611 518 670 nisi
540 612 712 672 commercii
739 629 826 671 usum
856 619 885 670 et
911 630 966 691 per
988 631 1072 673 oram
1094 615 1271 676 maritimam

150 722 181 775 et
201 733 257 794 per
279 713 459 775 remotiores
480 713 632 773 interioris
656 719 754 774 terrae
775 720 876 792 partes
898 722 1109 793 propagatum,
1134 733 1192 793 quo
1216 718 1269 777 mi·

150 817 243 878 tiores
266 821 296 876 et
317 816 484 894 pacatiores
506 815 575 875 iacti
597 816 657 876 sint
671 814 826 876 hominum
847 816 938 876 animi
952 833 1120 896 moresque,
1145 835 1203 896 quo
1219 819 1271 898 qui

149 937 204 998 per
233 935 323 996 agros
350 917 460 996 degere
488 925 682 986 consuerant,
711 919 743 978 in
771 915 863 978 urbes
893 920 1044 979 convocati
1067 924 1097 978 et
1118 919 1154 979 ad
1177 920 1270 980 civihs

150 1022 226 1081 vitae
248 1037 349 1080 mores
371 1021 432 1080 sint
445 1020 590 1081 instituti?
634 1018 745 1082 Verum
767 1021 793 1080 si
806 1020 977 1099 perpendis,
1000 1020 1160 1082 Herculem
1174 1019 1268 1091 illum,

150 1130 182 1183 ut
203 1120 369 1202 mythologi
391 1113 570 1201 comparatis
597 1127 732 1184 veterum
759 1119 867 1182 lahuhs
888 1123 1080 1192 invenerunt,
1108 1124 1270 1185 Asiaticum

149 1225 211 1285 sive
234 1223 415 1286 Phoenicem
437 1225 536 1302 potius
560 1242 627 1284 esse
649 1240 739 1300 quam
761 1223 923 1293 Graecum,
948 1231 978 1284 et
999 1225 1118 1285 coniers
1140 1224 1268 1304 singula-

147 1345 214 1388 rem
242 1326 325 1387 illam
354 1325 476 1386 Diodori
503 1324 540 1384 de
562 1325 657 1386 Alesia
683 1325 827 1395 fabulam,
856 1327 882 1386 si
909 1326 1029 1387 coniers
1056 1327 1163 1388 deinde
1191 1328 1269 1407 quod

148 1425 338 1508 Thicrry25),
376 1445 479 1488 rerum
512 1425 693 1489 Gallicarum
731 1427 809 1505 apud
841 1426 973 1488 Francos
1011 1429 1153 1507 scriptor,
1189 1429 1267 1498 dicit,

147 1532 278 1592 inveniri
298 1548 353 1609 per
375 1530 551 1590 interiorem
567 1528 690 1591 Galliam
711 1528 893 1591 Phoenicum
915 1548 1054 1592 nummos
1075 1529 1122 1590 vel
1143 1532 1174 1591 in'
1196 1529 1269 1592 locis

147 1630 363 1694 remotioribus
386 1630 422 1692 ah
445 1650 497 1692 ora
519 1632 675 1701 maritima,
699 1631 765 1692 lieri
786 1650 875 1712 posse
898 1633 1053 1702 concedas,
1076 1634 1117 1694 ita
1139 1631 1210 1694 olim
1232 1633 1267 1693 ad

148 1735 202 1796 hos
221 1736 297 1796 situs
312 1733 465 1794 mercandi
485 1750 588 1794 caussa
610 1751 792 1795 commeasse
808 1733 1032 1803 Phoenices,
1056 1742 1089 1795 ut
1110 1734 1147 1795 ab
1169 1733 1268 1795 littore

147 1837 386 1916 septentrionem
407 1853 512 1896 versus
527 1835 692 1897 secundum
707 1834 884 1898 Rhodanum
908 1845 937 1898 et
951 1838 1067 1898 Ararim
1089 1836 1194 1898 lluvios
1211 1838 1268 1896 iter

147 1941 292 2007 lacerent,
315 1936 430 1998 Alesiae
453 1945 553 1999 autem
568 1939 753 1999 mansionem
768 1937 915 2015 quandam
932 1946 961 1998 et
975 1939 1169 2015 insigniorem
1186 1956 1266 1997 com·

148 2041 254 2102 mercii
282 2057 351 2101 cum
377 2039 525 2118 indigenis
554 2042 710 2101 stationem
742 2041 941 2100 instituerent.
995 2039 1077 2110 Quae
1104 2040 1203 2118 opinio
1232 2056 1268 2098 eo

149 2159 270 2220 quoque
291 2141 410 2202 videtur
432 2142 615 2212 confirmari,
646 2141 725 2218 quod
749 2143 836 2201 variis
858 2140 922 2201 ahis
944 2142 1128 2218 argumentis
1151 2146 1269 2200 utentes

148 2247 204 2307 viri
216 2246 296 2306 docti
307 2245 457 2305 invenisse
470 2244 526 2305 sibi
540 2244 687 2312 videntur,
704 2243 741 2303 ab
757 2244 971 2320 antiquissimis
986 2242 1172 2322 temporibus
1188 2259 1266 2302 mer·

148 2356 266 2410 catores
295 2365 479 2408 commeasse
508 2345 544 2408 ab
580 2365 632 2407 ora
664 2345 829 2408 secundum
857 2344 1033 2405 Rhodanum
1062 2344 1097 2404 ad
1125 2345 1268 2405 interiora

149 2450 269 2520 Galbae,
295 2449 374 2509 unde
397 2451 457 2510 sive
477 2448 614 2510 Rhenum
635 2448 815 2526 transgressi
835 2449 866 2506 in
882 2447 1070 2508 Germaniam
1092 2446 1267 2522 commigra-

148 2560 217 2614 rent
238 2569 335 2631 usque
357 2551 394 2611 ad
416 2570 499 2612 oram
522 2551 613 2611 maris
636 2550 804 2610 Germanici
831 2550 892 2609 sive
915 2548 1078 2609 secundum
1101 2548 1267 2627 Sequanam

148 2657 178 2715 in
213 2653 338 2715 Galliam
371 2651 635 2732 septentrionalem
668 2659 698 2712 et
728 2646 966 2729 Britanniam.²⁶)
1017 2651 1054 2710 At
1085 2649 1154 2728 plus
1179 2631 1268 2726 quam

147 2775 203 2835 par
227 2763 272 2816 est
295 2773 331 2814 ex
354 2754 500 2816 eiusmodi
522 2756 704 2832 argumentis
731 2752 910 2814 concludere
938 2752 1054 2812 videtur
1081 2747 1266 2830 Thicrry²⁷)‚

148 2861 173 2919 si
202 2858 240 2918 de
269 2857 393 2918 coloniis
421 2857 494 2917 dicit
515 2855 697 2916 Phoenicum
724 2857 756 2914 in
784 2854 881 2915 media
908 2852 1001 2914 Gallia
1029 2852 1212 2921 constitutis,
1243 2853 1269 2910 si

149 2962 239 3029 viam,
270 2976 346 3036 quae
367 2964 473 3039 postea
494 2957 613 3018 Aurelia
636 2964 666 3017 et
688 2957 813 3018 Domitia
840 2957 911 3024 snit,
941 2973 957 3014 a
979 2952 1177 3015 Phoenicibus
1205 2955 1266 3032 pri-

148 3081 231 3124 mum
255 3068 377 3122 stratam
400 3078 467 3120 esse
491 3058 553 3120 vult
575 3066 605 3119 et
626 3056 745 3118 metalla
766 3058 930 3118 instituisse
946 3073 997 3115 eos
1013 3061 1098 3134 putat
1112 3073 1167 3133 per
1182 3071 1266 3115 mon·

149 3173 194 3226 tes
217 3165 401 3243 Pyrenaeos,
430 3161 600 3223 Cebennam
628 3168 657 3220 et
682 3159 781 3238 Alpes
827 3158 934 3218 Contra
964 3157 1096 3236 emporia
1124 3155 1268 3234 quaedam

147 3285 202 3346 per
225 3264 282 3326 hos
303 3267 381 3324 inter
404 3264 572 3343 Pyrenaeos
596 3269 624 3323 et
645 3260 735 3340 Alpes
764 3261 839 3321 situs
860 3259 966 3329 luisse,
999 3257 1108 3335 quibus
1136 3259 1267 3319 niteren-

149 3375 197 3430 tur
220 3369 251 3436 ii,
276 3367 327 3443 qui
348 3367 379 3425 in
400 3367 575 3426 hiteriorem
590 3372 701 3424 terram
719 3361 933 3430 commeabant,
956 3361 1036 3421 unde
1059 3361 1184 3428 exirent,
1208 3377 1268 3437 quo

148 3471 300 3530 referrent
315 3487 358 3536 ca,
376 3485 451 3545 quae
467 3487 484 3527 a
498 3464 633 3526 barbaris
649 3469 900 3543 comparaverant,
920 3481 1007 3522 nemo
1024 3459 1151 3539 negabit.
1190 3460 1268 3530 Quin

150 3572 238 3631 etiam
261 3587 355 3630 unum
378 3567 523 3629 eiusmodi
546 3569 727 3646 emporium,
758 3566 783 3626 si
804 3560 1026 3639 Moversium²⁸)
1049 3563 1147 3632 audis,
1171 3563 1268 3622 virum

149 3690 252 3732 rerum
264 3670 492 3732 Phoeniciarum
509 3669 597 3746 longe
612 3668 834 3748 peritissimum,
851 3684 906 3745 pro
921 3672 1002 3727 certo
1018 3670 1117 3744 potest
1132 3663 1266 3730 indicari,

149 3772 291 3852 oppidum
314 3770 477 3832 Ruscino
502 3772 589 3830 situm
614 3769 649 3830 ad
672 3769 787 3830 radices
803 3769 913 3828 montis
927 3766 1080 3847 Pyrenaei,
1105 3767 1190 3828 cuius
1212 3783 1265 3824 no-

151 3875 238 3934 minis
260 3891 321 3933 non
344 3872 440 3933 solum
464 3879 582 3952 etymon
609 3872 749 3950 punicam
776 3870 882 3948 prodat
909 3871 1068 3947 originem,
1098 3867 1150 3928 sed
1179 3868 1267 3927 etiam

217 4075 261 4139 25)
281 4073 411 4140 thierry,
429 4075 502 4124 Hist.
522 4073 571 4125 des
590 4073 704 4125 Gaulois
721 4073 744 4123 I.
766 4090 793 4136 p.
812 4075 854 4124 20.

219 4159 262 4223 26)
287 4159 527 4218 Lindenschmidt,
559 4159 612 4209 Die
638 4157 793 4218 veterltnd.
820 4157 1004 4207 Alterthiimer
1035 4154 1083 4204 der
1111 4151 1266 4202 hohenzoll.

152 4243 318 4309 Scmmlung.
334 4244 440 4292 ‘Meinz
459 4244 532 4295 1860.
554 4259 581 4309 p.
601 4244 650 4292 164
669 4243 688 4295 f.

207 4329 262 4391 ⁴27)
281 4327 399 4392 'Phierry
416 4327 477 4378 loco
496 4343 579 4393 cupre
598 4328 646 4380 cit.

220 4410 263 4476 28)
282 4412 404 4472 Movere,
424 4411 477 4462 Die
495 4411 660 4462 Phoenizier
678 4415 703 4474 2,
721 4413 737 4460 2
755 4427 783 4476 p.
801 4411 851 4459 644
868 4423 908 4473 sq.
927 4407 977 4458 cst
994 4422 1035 4472 sq.
