3184 5162
318 449 359 510 48
712 443 795 502 PARS
816 444 836 501 Ι.
880 443 987 502 ctrvr
1008 443 1030 500 l.

317 612 431 681 benna;
461 612 546 672 cuins
566 617 679 672 tractus
700 610 873 692 principalis
899 629 954 691 per
981 609 1099 690 aliquod
1121 612 1252 691 spatium
1272 613 1350 674 31331
1371 613 1435 691 331-

317 732 400 776 mum
428 715 507 776 inter
533 713 706 776 Helviorum
740 719 769 774 et
796 715 1012 783 Arvernorum,
1046 712 1154 776 deinde
1186 713 1373 776 Rutenorum
1406 717 1437 773 31

318 815 478 878 Volcarum
500 833 602 894 agros,
631 817 672 876 113
700 817 821 878 omnino
849 815 928 876 inter
957 814 1278 878 ulterioremiialliam
1307 811 1338 876 e't
1365 832 1436 893 pro·

318 919 443 980 vinciam
466 919 540 980 lines
562 913 816 996 constituebac.²⁶)
861 916 956 978 Porro
978 917 1015 979 ab
1039 919 1229 996 3333331333,
1253 916 1305 978 ubi
1326 916 1363 978 ad
1384 935 1436 978 oc·

318 1019 465 1096 cidentem
488 1019 596 1080 lortius
618 1018 762 1082 inclinare
784 1021 884 1100 coepit
899 1019 1048 1090 Cebenna,
1072 1021 1097 1080 si
1111 1019 1299 1082 Rutenorum
1315 1020 1436 1099 provin·

318 1119 437 1182 cialium
459 1121 606 1183 rationem
629 1121 784 1192 babemus,
808 1139 904 1202 33333
925 1120 963 1183 ad
978 1122 1108 1184 Tarnem
1122 1121 1244 1184 durium
1267 1122 1343 1185 lines
1364 1139 1436 1201 pro-

319 1223 431 1284 vinciae
453 1222 590 1284 videntur
612 1219 839 1304 proferendi²⁶),
862 1223 943 1286 unde
966 1225 1108 1286 transitus
1130 1231 1175 1286 est
1196 1225 1354 1302 inagnum
1376 1223 1435 1283 Το-

318 1323 452 1386 1333133.
497 1332 521 1386 Α
549 1324 739 1388 Tolosatibus
766 1327 841 1386 lines
873 1328 914 1388 ita
947 1325 1058 1388 indicat
1090 1324 1226 1388 locorum
1255 1332 1376 1394 natura,
1403 1331 1440 1386 ut

318 1428 450 1507 primum
472 1428 639 1490 Garumnae
662 1446 770 1497 cursu,
801 1447 817 1488 a
840 1427 1009 1490 Garumnae
1037 1429 1152 1507 origine
1180 1445 1275 1506 usque
1297 1427 1334 1490 ad
1355 1443 1439 1488 mare

320 1547 435 1590 summo
458 1528 610 1608 Pyrenaeo
632 1532 810 1592 constitutos
831 1529 955 1591 iudices.

404 1631 465 1691 lam
488 1648 558 1692 3333
581 1632 606 1692 si
628 1632 757 1711 3333313,
779 1633 846 1710 3313
866 1632 1030 1693 instituerit
1051 1650 1157 1694 novam
1179 1631 1371 1711 provinciam,
1393 1629 1439 1692 di·

320 1739 400 1793 serte
423 1748 569 1809 nusquam
591 1731 621 1792 id
644 1731 735 1795 babes
758 1733 913 1804 traditum,
937 1753 1035 1814 neque
1057 1740 1157 1796 tamen
1179 1735 1318 1814 cuiquam
1339 1739 1441 1813 potest

321 1851 386 1895 esse
409 1832 548 1903 dubium,
572 1835 710 1911 quinci,
740 1836 791 1912 331
818 1843 975 1915 postquam
1004 1834 1121 1897 duobus
1143 1835 1266 1915 proeliis
1288 1835 1440 1896 sinistram

320 1933 456 1996 Rhodani
477 1936 574 2016 ripam
596 1938 790 2016 expugnavit,
813 1937 920 1999 deinde
943 1936 1054 2000 llumen
1077 1943 1283 2016 uansgressns
1304 1936 1440 1998 dextram

321 2055 439 2117 333333
462 2038 557 2117 ripam
579 2039 620 2098 ita
643 2041 812 2119 occupavit,
843 2046 876 2100 ut
896 2037 1045 2120 publicam
1068 2041 1177 2102 summi
1199 2040 1342 2100 momenti
1363 2039 1440 2100 viam

320 2141 460 2221 aperiret,
484 2140 535 2218 qui
557 2139 687 2217 denique
709 2159 778 2204 cum
805 2142 931 2222 imperio
958 2139 1026 2220 plus
1054 2140 1147 2202 semel
1169 2146 1329 2222 prorogato
1351 2140 1382 2200 in
1405 2158 1441 2202 33

321 2243 443 2319 regione
466 2248 544 2310 erat,
568 2243 640 2320 quin
663 2243 701 2311 ei,
725 2244 862 2323 inquam,
892 2241 1069 2305 tribuendus
1097 2244 1135 2303 sit
1155 2243 1294 2304 redactae
1316 2242 1347 2302 in
1369 2258 1440 2320 pro·

320 2343 434 2404 vinciae
456 2343 582 2403 formam
605 2341 718 2404 Galliae
741 2342 953 2424 Transalpinae
976 2344 1082 2405 bonor.
1127 2344 1156 2406 ls
1177 2350 1278 2406 antem
1300 2351 1364 2404 erat
1386 2342 1439 2405 Cu.

321 2444 467 2506 Domitius
494 2442 710 2508 Ahenobarbus
737 2445 908 2524 proconsul.
959 2447 1099 2508 Ceterum
1130 2464 1202 2508 num
1231 2446 1327 2506 omnis
1354 2445 1440 2506 insti-

323 2544 450 2606 tuendae
472 2545 643 2623 provinciae
666 2563 736 2608 3333
760 2548 917 2610 commissa
939 2548 978 2610 sit
999 2549 1052 2610 Cn.
1076 2547 1220 2616 Domitio,
1250 2547 1357 2610 deinde
1381 2563 1440 2624 quo

321 2655 457 2725 tempore
485 2648 512 2708 is
534 2646 759 2726 Transalpinam
787 2651 942 2727 regionem
970 2645 1186 2727 reliquerit²⁷)‚
1217 2666 1293 2726 3333
1318 2650 1441 2710 omnino

322 2765 417 2828 usque
453 2747 489 2809 ad
506 2727 636 2811 χ333333
667 2753 727 2817 118
763 2751 796 2812 in
832 2770 908 2813 3333
940 2752 1092 2832 provincia
1121 2751 1289 2818 evenerint,
1324 2749 1361 2812 de
1395 2749 1442 2813 1313

390 2950 433 3018 15)
465 2951 546 3004 Caes.
570 2952 596 3004 b.
620 2968 646 3018 g.
670 2955 699 3016 7,
725 2955 755 3004 73
780 2955 900 3016 Helvios,
929 2956 973 3020 331
994 2957 1062 3019 finer
1090 2954 1263 3006 Arvernorum
1285 2957 1441 3020 coatinpcnl.

323 3039 347 3102 7,
365 3039 394 3088 83
413 3053 483 3088 mons
497 3037 620 3102 0333333,
639 3039 683 3104 qui
699 3038 832 3090 Arvernos
850 3039 881 3088 ab
900 3039 1000 3090 Helviis
1018 3040 1146 3090 discludit.

389 3119 433 3187 16)
456 3122 498 3173 De
517 3121 616 3195 finibus
634 3121 802 3174 Rutenorum
825 3122 1037 3188 provincialium
1057 3123 1284 3187 3311133333331
1301 3123 1440 3188 quendem

323 3206 509 3258 coniecturam
532 3207 669 3270 33331133,
699 3206 782 3259 aliter
804 3207 948 3258 indicabit.
992 3206 1077 3274 Legit
1098 3209 1171 3258 enim
1193 3207 1343 3260 Mommsen
1367 3209 1441 3274 apud

277 3358 280 3362 Ι
323 3290 381 3340 (lic.
399 3305 449 3356 pro
466 3291 550 3343 Font.
568 3293 592 3350 9,
612 3291 882 3358 1333333333133
903 3292 1067 3357 Vulellulone¹
1087 3309 1135 3359 pro
1154 3291 1305 3356 Secrodum‘¹
1325 3309 1439 3360 eumque

323 3374 466 3425 Ciceronis
483 3375 575 3426 locum
592 3376 622 3426 13
638 3375 745 3428 Halmii
763 3382 791 3428 31
803 3377 910 3428 Β311331
927 3376 1049 3428 editione
1062 3376 1247 3428 Ciceroniana
1264 3379 1375 3444 proprio
1393 3393 1440 3430 ex·

324 3475 405 3510 eursu
423 3459 554 3511 illustret.
596 3459 675 3524 Quod
692 3461 716 3514 31
734 3463 853 3528 accipis,
874 3462 1049 3529 Segodunum
1067 3478 1189 3528 quoque,
1208 3460 1281 3526 qnod
1298 3461 1378 3514 hodie
1397 3466 1442 3514 est

322 3546 418 3608 Rodez,
437 3546 598 3610 provinciae
617 3545 725 3597 tribuas
742 3563 858 3598 neeesse
878 3552 929 3598 331.
965 3547 1002 3598 At
1025 3546 1096 3612 quod
1114 3564 1148 3599 ex
1167 3547 1249 3598 (1333.
1269 3547 1295 3597 b.
1314 3563 1340 3613 g.
1360 3549 1390 3608 1,
1405 3548 1440 3598 45

323 3628 360 3693 (3.
380 3645 463 3696 supro
481 3645 510 3680 3.
528 3629 572 3694 23)
592 3634 620 3682 et
635 3631 658 3690 7,
673 3633 714 3696 ib,
733 3633 781 3682 ubi
798 3631 915 3684 Rutenis
933 3649 950 3684 3
962 3633 1192 3699 Vercingetorige
1204 3631 1350 3684 duodecim
1362 3632 1440 3683 milia

324 3719 490 3765 ermntorum
512 3716 695 3780 imperentur,
721 3716 939 3768 concludendum
964 3724 1021 3780 est,
1049 3718 1182 3768 maiorem
1207 3717 1290 3768 133133
1313 3717 1440 3768 civitatis

322 3803 429 3864 portem
447 3798 564 3852 liberem
582 3797 754 3861 tramisisse,
772 3801 855 3854 vnlde
873 3801 979 3866 dubito,
997 3817 1061 3853 num
1079 3816 1177 3854 revere
1194 3817 1281 3867 33333
1300 3801 1336 3854 ed
1352 3801 1439 3869 Sego·

322 3883 424 3936 dunum
441 3883 599 3949 proferendi
615 3885 672 3935 sint
688 3887 850 3950 provinciae
868 3887 988 3940 termini.

389 3969 435 4036 27)
453 3969 569 4020 1133333
582 3970 694 4021 lebuine
711 3971 908 4037 triumphorum
926 3976 1113 4025 commentans
1129 3971 1439 4037 ((13331333313311.

322 4071 349 4121 p.
366 4054 428 4121 463)
446 4058 527 4106 notet
543 4053 706 4106 Fischerum
731 4059 760 4106 et
776 4057 808 4106 A.
826 4059 870 4112 W.
888 4057 1044 4124 Zumptium
1066 4057 1140 4108 male
1157 4057 1274 4108 Domitii
1290 4073 1439 4123 proconsu-

322 4140 409 4192 latum
428 4139 463 4190 nd
480 4153 583 4191 annum
600 4153 687 4202 33333
707 4143 756 4192 118
773 4141 934 4208 producere,
954 4147 983 4193 et
999 4143 1066 4194 mihi
1079 4158 1187 4208 333333
1199 4143 1246 4194 vix
1259 4147 1300 4193 est
1317 4141 1439 4201 dubium,

323 4225 390 4289 quin
407 4225 551 4288 imperinm
573 4226 603 4275 in
621 4229 752 4288 quattuor
768 4226 815 4278 331
833 4227 952 4293 3313333
972 4243 1058 4279 nnnos
1080 4232 1258 4294 prorogatum
1275 4227 1325 4278 ille
1343 4217 1440 4280 letare

323 4324 377 4360 333
398 4309 486 4373 possit
509 4311 609 4376 accipi.
648 4311 692 4361 De
716 4311 852 4378 singulari
879 4316 985 4377 eutem,
1009 4327 1091 4378 quem
1113 4313 1211 4378 Zumpt
1232 4311 1266 4366 de
1289 4311 1333 4362 1313
1356 4312 1439 4362 rebus

323 4393 479 4444 enuntiavit
497 4395 652 4460 opinionem
670 4397 721 4451 313.
738 4397 813 4448 infra.
830 4413 857 4450 n.
876 4399 918 4450 63·
953 4458 955 4463 ,
