3154 5162
476 388 479 393 ’
563 412 647 470 runs
668 414 686 470 1.
731 413 837 471 eurr
859 415 878 472 1.
1236 423 1274 484 71

155 579 347 640 dominorum
375 578 464 640 modo
487 576 625 650 Romani,
656 578 749 642 solide
772 582 871 642 omnia
894 591 1084 662 occuparunt,
1115 584 1278 650 attulerunt

155 699 275 742 omnem
297 679 385 742 illum
405 683 574 760 provinciae
596 681 747 744 Romanae
763 690 946 763 apparatum,
971 685 1050 762 quid,
1075 703 1195 764 quaeso,
1218 686 1275 752 huc

155 783 299 863 apparatu
323 784 459 844 lecerunt
481 783 518 844 de
541 803 576 845 ea
598 785 729 862 regione,
755 802 830 862 quae
852 781 1118 867 inter'prorincias
1140 790 1215 850 mari
1228 791 1274 850 iu·

154 894 240 946 terno
265 885 434 946 adiacentes
460 892 521 946 tam
549 886 696 963 insignem
725 885 824 947 locum
852 887 992 950 tenebat?
1035 889 1198 951 Audiamus
1219 892 1273 952 ite·

153 1005 222 1048 rann
246 986 422 1048 Ciceronem
444 1006 498 1068 pro
521 988 646 1048 Fonteio
676 986 840 1049 dicentem:
870 989 1013 1052 Constare
1040 991 1221 1069 provinciam
1248 992 1274 1054 is

154 1085 270 1167 dieitll)
295 1107 331 1148 ex
352 1089 390 1149 iis
411 1088 572 1166 generibus
594 1087 747 1150 hominum
771 1097 801 1150 et
823 1092 983 1161 civitatum,
1007 1107 1082 1168 quae
1097 1095 1203 1172 partim
1220 1111 1272 1154 sua

154 1191 298 1252 memoria
321 1189 489 1252 bellacum
511 1190 622 1271 populo
651 1191 785 1252 Romano
814 1193 975 1271 gesserint,
1004 1194 1111 1272 partim
1140 1194 1229 1258 modu
1257 1214 1273 1256 a

153 1291 297 1353 Romanis
316 1291 548 1372 imperatoribus
575 1291 696 1358 subacta
725 1293 813 1354 modo
837 1294 873 1355 ab
901 1301 1004 1355 senatu
1033 1297 1112 1372 agris
1133 1295 1272 1359 rubibus·

154 1412 214 1472 que
236 1392 377 1456 mulctata
399 1395 471 1463 siut,
502 1395 607 1473 partim
631 1412 699 1454 eum
721 1396 787 1475 ipso
810 1395 847 1456 Μ.
872 1395 995 1456 Fonteio
1017 1396 1132 1460 ferrum
1154 1415 1188 1460 ae
1210 1416 1271 1461 ura·
1352 1455 1353 1458 ,

153 1515 211 1557 nus
234 1495 415 1557 contulerint
437 1493 591 1573 multoque
615 1496 679 1557 eius
702 1495 810 1568 sudore
834 1515 868 1558 ac
888 1497 993 1582 labore
1016 1497 1072 1559 sub
1094 1499 1198 1579 populi
1214 1499 1272 1562 llo·

153 1599 235 1659 mani
262 1599 421 1676 imperium
445 1596 648 1674 ditionemque
678 1598 850 1660 ceciderint.
897 1598 1012 1671 Quibus
1035 1617 1110 1677 quos
1132 1602 1272 1681 oppositi

153 1699 285 1780 Opponit
312 1700 441 1779 primum
470 1699 576 1760 urbem
605 1697 781 1769 Massiliam,
810 1718 887 1779 quae
914 1699 1093 1766 Gallicorum
1124 1701 1272 1764 bellorum

151 1801 285 1884 pericula
309 1801 402 1880 copiis
424 1801 576 1879 remisque
599 1803 813 1880 compensarit,
844 1804 967 1881 opponit
994 1802 1100 1864 deiude
1129 1803 1271 1882 quidquid

151 1895 487 1965 civium'llomanorum
508 1902 651 1962 fueritin
672 1905 832 1981 provincia,
856 1905 1033 1973 maximum,
1058 1912 1091 1966 ut
1113 1904 1192 1975 dicit,
1216 1923 1270 1968 nu·

150 2023 280 2074 merum,
303 2006 335 2065 iu
357 2022 416 2083 quo
438 2021 564 2064 numero
586 2012 723 2064 recenset
746 2003 868 2066 colonus
889 2003 1113 2073 Narbonenses,
1138 2003 1270 2084 publica·

150 2126 216 2176 nos,
241 2107 451 2184 negotiatores,
476 2111 609 2166 aratores
631 2107 692 2165 sire
715 2105 872 2184 agricolae,
895 2107 1060 2186 pecuarios.
1106 2105 1139 2168 In
1163 2106 1272 2183 quibus

149 2211 261 2272 civium
284 2208 484 2269 Romanorum
507 2206 668 2284 generibus
690 2214 759 2268 nuta
781 2209 920 2286 primum,
944 2207 1023 2285 quod
1039 2208 1138 2270 omnia
1161 2226 1197 2270 ex
1212 2207 1269 2276 lta·

145 2312 188 2373 lia
210 2313 242 2370 in
270 2309 452 2392 provinciam
480 2309 668 2388 irruperunt,
699 2309 778 2386 quud
807 2308 881 2388 nibil
909 2309 1066 2388 indigenae
1092 2311 1123 2370 ira
1151 2311 1188 2370 iis
1216 2317 1270 2382 est,

145 2413 209 2475 nisi
231 2412 309 2472 forte
332 2409 534 2472 Narbonensis
558 2411 682 2472 civitatis
709 2431 779 2491 pars
802 2411 910 2474 Gallica
934 2412 1108 2472 latinitatem
1130 2410 1176 2473 vel
1199 2413 1268 2472 civi-

144 2522 243 2578 tatem
265 2511 416 2592 paullatim
440 2518 485 2571 est
508 2517 601 2572 nacta.
647 2513 760 2574 Deinde
784 2515 952 2576 invenimus
975 2512 1096 2591 quidem
1118 2511 1270 2577 hominem

146 2615 281 2678 Gallicae
297 2613 418 2691 originis
433 2629 448 2672 a
465 2611 496 2672 C.
514 2612 629 2674 Valerio
644 2613 750 2675 Flacco
767 2622 961 2695 propraetore
979 2617 1096 2701 ciuitate
1117 2615 1269 2684 donatum,

145 2719 180 2779 C.
191 2716 342 2778 Valerium
355 2714 512 2783 Caburum,
526 2716 691 2794 prinoipem
703 2715 814 2777 Galliae
825 2719 1003 2797 provinciae,
1014 2716 1103 2794 idque
1120 2724 1179 2780 tarn
1191 2716 1270 2779 bonu
1346 2729 1351 2733 ’

139 2837 303 2886 successu,
321 2823 354 2878 ut
368 2815 446 2878 tilios
462 2817 526 2877 eius
543 2817 573 2878 C.
591 2817 739 2880 Valerium
757 2818 919 2879 Procillum
936 2827 965 2879 et
980 2819 1010 2881 C.
1025 2818 1174 2878 Valerium
1190 2819 1268 2880 Duu-

144 2927 310 2983 notaurum
329 2916 516 2978 fidelissimus
532 2918 639 2980 Caesar
654 2921 684 2979 in
698 2918 784 2980 bellis
797 2919 915 2980 Gallicis
928 2920 1129 2999 experiretur,
1150 2937 1185 2979 ex
1203 2921 1267 2996 qui-

145 3024 207 3086 bus
218 3021 269 3082 ille
285 3021 420 3082 Caesaris
434 3019 587 3080 familiaris
603 3020 711 3082 dieitur
727 3026 756 3081 et
768 3021 901 3082 Caesaris
913 3022 1032 3081 nomine
1046 3038 1113 3082 oum
1128 3019 1268 3080 Helvetiis

146 3133 179 3188 ct
194 3123 342 3185 Ariovisto
358 3123 443 3202 agit,
456 3118 513 3190 bic,
530 3123 669 3202 princeps
686 3123 809 3184 civitatis
824 3121 1005 3187 Helviorum,
1021 3123 1051 3182 in
1067 3119 1181 3201 proelio
1197 3140 1266 3184 con-

144 3235 195 3288 tra
218 3224 337 3286 Aeduos
361 3224 636 3300 aVercingetorige
658 3225 688 3283 in
704 3225 886 3302 provinciam
909 3225 1014 3284 missos
1030 3225 1145 3284 occisus
1169 3219 1267 3302 est.⁸⁷)

4 3367 6 3406 3
103 3337 111 3346 '
144 3328 254 3403 Neque
277 3324 390 3392 dubito,
415 3325 497 3401 quin,
521 3326 606 3386 utin
629 3324 768 3386 omnibus
790 3327 961 3404 provinciis,
985 3327 1024 3385 ita
1039 3327 1070 3388 iu
1085 3325 1178 3386 Galba
1193 3344 1267 3404 quo·

144 3445 208 3508 que
231 3426 334 3506 plures
355 3425 500 3485 beneficio
524 3426 709 3504 praesidum,
734 3427 842 3504 quibus
862 3428 892 3488 in
908 3424 995 3487 bellis
1011 3433 1111 3504 gratos
1133 3446 1165 3488 se
1181 3446 1267 3506 prae-

144 3530 293 3596 buerant,
318 3527 354 3586 ad
377 3528 523 3588 civitatem
546 3528 709 3590 Romanam
732 3529 934 3608 pervenerint.
973 3528 1193 3606 nequieris,
1217 3528 1269 3590 ubi

144 3637 234 3694 extra
257 3627 404 3691 Narbonis
425 3648 527 3690 muros
549 3632 644 3692 maior
666 3631 872 3708 indigenarum
895 3647 1040 3691 numerus
1060 3649 1121 3690 uno
1145 3628 1268 3694 oonsilio

143 3732 187 3795 ad
215 3733 323 3792 civium
351 3732 413 3790 sire
441 3730 612 3792 Latinorum
643 3734 703 3792 sive
730 3733 934 3795 Romanorum
965 3733 1012 3792 ius
1046 3730 1191 3792 admissus
1219 3721 1267 3800 sit,

142 3851 205 3914 per
229 3850 348 3894 omnem
371 3834 552 3911 provinciam
575 3833 794 3894 nihilomnino
824 3834 989 3901 inveneris:
1017 3833 1108 3894 immo
1136 3835 1162 3896 si
1184 3832 1267 3895 Cice·

142 3953 254 4000 runem
278 3933 377 4004 audis,
401 3951 462 3996 nou
484 3937 643 4015 peregriua
665 3942 795 4006 tantum,
826 3935 877 3996 sed
900 3933 1017 3996 hostilia
1040 3935 1138 3996 omnia
1160 3939 1190 3994 et
1211 3934 1265 3994 mi·

142 4038 230 4100 nime
252 4042 355 4116 pacata
378 4037 548 4124 quicunque
570 4038 601 4099 in
623 4039 804 4116 provinciam
821 4035 993 4100 mittebatur
1008 4052 1131 4113 praeses
1153 4031 1267 4094 solebat

218 4269 261 4334 86)
281 4270 339 4324 Cic.
358 4288 405 4336 pro
423 4273 504 4326 Font.
523 4275 548 4336 b,
568 4275 599 4322 la
618 4287 657 4338 sq.

217 4355 260 4424 87)
280 4353 361 4411 Caes.
380 4357 407 4406 b.
427 4371 453 4422 g.
473 4359 501 4420 1,
523 4356 561 4407 19.
581 4358 622 4411 47,
645 4359 673 4414 7,
692 4357 734 4412 65.
