<?xml version="1.0" encoding="UTF-8"?>
<!DOCTYPE html PUBLIC "-//W3C//DTD XHTML 1.0 Transitional//EN"
    "http://www.w3.org/TR/xhtml1/DTD/xhtml1-transitional.dtd">
<html xmlns="http://www.w3.org/1999/xhtml" xml:lang="en" lang="en">
 <head>
  <title>
</title>
<meta http-equiv="Content-Type" content="text/html;charset=utf-8" />
  <meta name='ocr-system' content='tesseract 3.04.00' />
  <meta name='ocr-capabilities' content='ocr_page ocr_carea ocr_par ocr_line ocrx_word'/>
</head>
<body>
  <div class='ocr_page' id='page_1' title='image "./galliaenarbonen01herzgoog_0035.png"; bbox 0 0 3184 5162; ppageno 0'>
   <div class='ocr_carea' id='block_1_1' title="bbox 608 423 1266 544">
    <p class='ocr_par' dir='ltr' id='par_1_1' title="bbox 608 423 1266 544">
     <span class='ocr_line' id='line_1_1' title="bbox 608 423 1266 544; baseline 0.002 -24"><span class='ocrx_word' id='word_1_1' title='bbox 608 423 826 523; x_wconf 81' lang='lat' dir='ltr'>raounurvn</span> <span class='ocrx_word' id='word_1_2' title='bbox 1228 471 1266 544; x_wconf 77' lang='lat'>19</span> 
     </span>
    </p>
   </div>
   <div class='ocr_carea' id='block_1_2' title="bbox 137 620 1316 4070">
    <p class='ocr_par' dir='ltr' id='par_1_2' title="bbox 137 620 1316 4070">
     <span class='ocr_line' id='line_1_2' title="bbox 143 620 1264 712; baseline 0.005 -24"><span class='ocrx_word' id='word_1_3' title='bbox 143 637 243 690; x_wconf 87' lang='lat' dir='ltr'>autern</span> <span class='ocrx_word' id='word_1_4' title='bbox 267 630 410 692; x_wconf 86' lang='lat' dir='ltr'>Romanis</span> <span class='ocrx_word' id='word_1_5' title='bbox 433 625 557 709; x_wconf 87' lang='lat' dir='ltr'>contigil</span> <span class='ocrx_word' id='word_1_6' title='bbox 581 633 716 709; x_wconf 91' lang='lat' dir='ltr'>quidem,</span> <span class='ocrx_word' id='word_1_7' title='bbox 741 640 774 692; x_wconf 89' lang='lat' dir='ltr'>ut</span> <span class='ocrx_word' id='word_1_8' title='bbox 796 652 812 694; x_wconf 91' lang='lat' dir='ltr'>a</span> <span class='ocrx_word' id='word_1_9' title='bbox 834 636 957 711; x_wconf 83' lang='lat' dir='ltr'>regione</span> <span class='ocrx_word' id='word_1_10' title='bbox 980 632 1083 694; x_wconf 87' lang='lat' dir='ltr'>saltem</span> <span class='ocrx_word' id='word_1_11' title='bbox 1107 635 1149 694; x_wconf 92' lang='lat' dir='ltr'>cis</span> <span class='ocrx_word' id='word_1_12' title='bbox 1167 620 1264 712; x_wconf 78' lang='lat' dir='ltr'>ipen-</span> 
     </span>
     <span class='ocr_line' id='line_1_3' title="bbox 143 731 1263 821; baseline 0.006 -32"><span class='ocrx_word' id='word_1_13' title='bbox 143 731 249 792; x_wconf 90' lang='lat' dir='ltr'>ninum</span> <span class='ocrx_word' id='word_1_14' title='bbox 272 733 327 792; x_wconf 87' lang='lat' dir='ltr'>sita</span> <span class='ocrx_word' id='word_1_15' title='bbox 350 731 466 802; x_wconf 80' lang='lat' dir='ltr'><strong>Gallos,</strong></span> <span class='ocrx_word' id='word_1_16' title='bbox 491 735 607 813; x_wconf 88' lang='lat' dir='ltr'>quoties</span> <span class='ocrx_word' id='word_1_17' title='bbox 631 753 666 795; x_wconf 88' lang='lat' dir='ltr'>eo</span> <span class='ocrx_word' id='word_1_18' title='bbox 688 735 830 814; x_wconf 82' lang='lat' dir='ltr'>progredi</span> <span class='ocrx_word' id='word_1_19' title='bbox 852 742 1048 821; x_wconf 83' lang='lat' dir='ltr'>conarentur,</span> <span class='ocrx_word' id='word_1_20' title='bbox 1072 735 1263 814; x_wconf 79' lang='lat' dir='ltr'>repellerent,</span> 
     </span>
     <span class='ocr_line' id='line_1_4' title="bbox 143 831 1265 916; baseline 0.004 -25"><span class='ocrx_word' id='word_1_21' title='bbox 143 831 196 892; x_wconf 88' lang='lat' dir='ltr'>sed</span> <span class='ocrx_word' id='word_1_22' title='bbox 229 835 406 911; x_wconf 81' lang='lat' dir='ltr'>priusquam</span> <span class='ocrx_word' id='word_1_23' title='bbox 432 854 493 895; x_wconf 94' lang='lat' dir='ltr'>non</span> <span class='ocrx_word' id='word_1_24' title='bbox 518 837 576 915; x_wconf 88' lang='lat' dir='ltr'>ipsi</span> <span class='ocrx_word' id='word_1_25' title='bbox 606 836 641 896; x_wconf 90' lang='lat' dir='ltr'>ad</span> <span class='ocrx_word' id='word_1_26' title='bbox 670 836 759 915; x_wconf 85' lang='lat' dir='ltr'>Alpes</span> <span class='ocrx_word' id='word_1_27' title='bbox 788 843 1007 909; x_wconf 85' lang='lat' dir='ltr'>accesserant,¹</span> <span class='ocrx_word' id='word_1_28' title='bbox 1028 836 1265 916; x_wconf 86' lang='lat' dir='ltr'>expeditionibus</span> 
     </span>
     <span class='ocr_line' id='line_1_5' title="bbox 141 921 1263 1016; baseline 0.007 -24"><span class='ocrx_word' id='word_1_29' title='bbox 141 932 202 994; x_wconf 88' lang='lat' dir='ltr'>illis</span> <span class='ocrx_word' id='word_1_30' title='bbox 231 933 368 1004; x_wconf 84' lang='lat' dir='ltr'>Gallicis,</span> <span class='ocrx_word' id='word_1_31' title='bbox 403 955 479 1014; x_wconf 88' lang='lat' dir='ltr'>quae</span> <span class='ocrx_word' id='word_1_32' title='bbox 514 957 531 998; x_wconf 89' lang='lat' dir='ltr'>a</span> <span class='ocrx_word' id='word_1_33' title='bbox 564 921 721 1016; x_wconf 86' lang='lat' dir='ltr'>Cisalpinis</span> <span class='ocrx_word' id='word_1_34' title='bbox 754 945 873 1000; x_wconf 88' lang='lat' dir='ltr'>vocatae</span> <span class='ocrx_word' id='word_1_35' title='bbox 906 937 1067 999; x_wconf 79' lang='lat' dir='ltr'>identidem</span> <span class='ocrx_word' id='word_1_36' title='bbox 1104 937 1263 1000; x_wconf 88' lang='lat' dir='ltr'>moveban-</span> 
     </span>
     <span class='ocr_line' id='line_1_6' title="bbox 142 1037 1261 1118; baseline 0.004 -24"><span class='ocrx_word' id='word_1_37' title='bbox 142 1042 207 1105; x_wconf 87' lang='lat' dir='ltr'>tur,</span> <span class='ocrx_word' id='word_1_38' title='bbox 236 1037 324 1097; x_wconf 90' lang='lat' dir='ltr'>linem</span> <span class='ocrx_word' id='word_1_39' title='bbox 352 1039 508 1116; x_wconf 85' lang='lat' dir='ltr'>imponere</span> <span class='ocrx_word' id='word_1_40' title='bbox 536 1057 596 1100; x_wconf 89' lang='lat' dir='ltr'>non</span> <span class='ocrx_word' id='word_1_41' title='bbox 622 1037 790 1118; x_wconf 89' lang='lat' dir='ltr'>potuerant.</span> <span class='ocrx_word' id='word_1_42' title='bbox 836 1041 879 1100; x_wconf 92' lang='lat' dir='ltr'>lta</span> <span class='ocrx_word' id='word_1_43' title='bbox 907 1040 1057 1101; x_wconf 80' lang='lat' dir='ltr'>efferatam</span> <span class='ocrx_word' id='word_1_44' title='bbox 1084 1039 1165 1100; x_wconf 92' lang='lat' dir='ltr'>illam</span> <span class='ocrx_word' id='word_1_45' title='bbox 1190 1057 1261 1117; x_wconf 91' lang='lat' dir='ltr'>gen·</span> 
     </span>
     <span class='ocr_line' id='line_1_7' title="bbox 142 1140 1304 1215; baseline 0.003 -20"><span class='ocrx_word' id='word_1_46' title='bbox 142 1143 220 1206; x_wconf 89' lang='lat' dir='ltr'>tem,</span> <span class='ocrx_word' id='word_1_47' title='bbox 251 1155 343 1215; x_wconf 88' lang='lat' dir='ltr'>quac,</span> <span class='ocrx_word' id='word_1_48' title='bbox 372 1158 440 1200; x_wconf 91' lang='lat' dir='ltr'>cum</span> <span class='ocrx_word' id='word_1_49' title='bbox 469 1159 547 1202; x_wconf 92' lang='lat' dir='ltr'>anno</span> <span class='ocrx_word' id='word_1_50' title='bbox 576 1160 601 1201; x_wconf 88' lang='lat' dir='ltr'>a.</span> <span class='ocrx_word' id='word_1_51' title='bbox 627 1140 679 1202; x_wconf 88' lang='lat' dir='ltr'>Ch.</span> <span class='ocrx_word' id='word_1_52' title='bbox 703 1145 765 1208; x_wconf 79' lang='lat'>299</span> <span class='ocrx_word' id='word_1_53' title='bbox 793 1141 829 1201; x_wconf 91' lang='lat' dir='ltr'>ab</span> <span class='ocrx_word' id='word_1_54' title='bbox 852 1142 986 1202; x_wconf 82' lang='lat' dir='ltr'>Etruscis</span> <span class='ocrx_word' id='word_1_55' title='bbox 1013 1142 1124 1203; x_wconf 87' lang='lat' dir='ltr'>Romae</span> <span class='ocrx_word' id='word_1_56' title='bbox 1153 1140 1264 1200; x_wconf 90' lang='lat' dir='ltr'>bellum</span> <span class='ocrx_word' id='word_1_57' title='bbox 1302 1179 1304 1184; x_wconf 83' lang='lat'><em>.</em></span> 
     </span>
     <span class='ocr_line' id='line_1_8' title="bbox 141 1237 1265 1323; baseline 0.005 -27"><span class='ocrx_word' id='word_1_58' title='bbox 141 1237 270 1299; x_wconf 75' lang='lat' dir='ltr'>illatoris</span> <span class='ocrx_word' id='word_1_59' title='bbox 298 1243 460 1311; x_wconf 78' lang='lat' dir='ltr'>acciretur,</span> <span class='ocrx_word' id='word_1_60' title='bbox 490 1243 554 1319; x_wconf 87' lang='lat' dir='ltr'>agri</span> <span class='ocrx_word' id='word_1_61' title='bbox 581 1249 698 1321; x_wconf 90' lang='lat' dir='ltr'>partem</span> <span class='ocrx_word' id='word_1_62' title='bbox 727 1242 764 1302; x_wconf 94' lang='lat' dir='ltr'>ab</span> <span class='ocrx_word' id='word_1_63' title='bbox 793 1241 927 1304; x_wconf 89' lang='lat' dir='ltr'>Etruscis</span> <span class='ocrx_word' id='word_1_64' title='bbox 956 1245 1054 1323; x_wconf 88' lang='lat' dir='ltr'>petiit,</span> <span class='ocrx_word' id='word_1_65' title='bbox 1086 1249 1119 1302; x_wconf 91' lang='lat' dir='ltr'>ut</span> <span class='ocrx_word' id='word_1_66' title='bbox 1145 1241 1265 1302; x_wconf 89' lang='lat' dir='ltr'>tandem</span> 
     </span>
     <span class='ocr_line' id='line_1_9' title="bbox 141 1339 1262 1424; baseline 0.003 -24"><span class='ocrx_word' id='word_1_67' title='bbox 141 1339 243 1416; x_wconf 85' lang='lat' dir='ltr'>aliqua</span> <span class='ocrx_word' id='word_1_68' title='bbox 270 1350 350 1402; x_wconf 87' lang='lat' dir='ltr'>certa</span> <span class='ocrx_word' id='word_1_69' title='bbox 378 1343 448 1402; x_wconf 89' lang='lat' dir='ltr'>sede</span> <span class='ocrx_word' id='word_1_70' title='bbox 477 1344 668 1412; x_wconf 89' lang='lat' dir='ltr'>consisteret,</span> <span class='ocrx_word' id='word_1_71' title='bbox 702 1344 927 1424; x_wconf 86' lang='lat' dir='ltr'>Transalpinam</span> <span class='ocrx_word' id='word_1_72' title='bbox 955 1345 1048 1405; x_wconf 88' lang='lat' dir='ltr'>luisse</span> <span class='ocrx_word' id='word_1_73' title='bbox 1077 1344 1148 1404; x_wconf 92' lang='lat' dir='ltr'>dicit</span> <span class='ocrx_word' id='word_1_74' title='bbox 1176 1343 1262 1422; x_wconf 81' lang='lat' dir='ltr'>Poly·</span> 
     </span>
     <span class='ocr_line' id='line_1_10' title="bbox 141 1438 1265 1524; baseline 0.004 -23"><span class='ocrx_word' id='word_1_75' title='bbox 141 1438 266 1519; x_wconf 58' lang='lat' dir='ltr'>biusffi),</span> <span class='ocrx_word' id='word_1_76' title='bbox 291 1461 389 1521; x_wconf 87' lang='lat' dir='ltr'>neque</span> <span class='ocrx_word' id='word_1_77' title='bbox 411 1445 511 1505; x_wconf 90' lang='lat' dir='ltr'>minus</span> <span class='ocrx_word' id='word_1_78' title='bbox 533 1444 621 1506; x_wconf 87' lang='lat' dir='ltr'>adid</span> <span class='ocrx_word' id='word_1_79' title='bbox 642 1444 768 1515; x_wconf 90' lang='lat' dir='ltr'>bellum,</span> <span class='ocrx_word' id='word_1_80' title='bbox 799 1447 878 1524; x_wconf 89' lang='lat' dir='ltr'>quod</span> <span class='ocrx_word' id='word_1_81' title='bbox 907 1446 977 1507; x_wconf 88' lang='lat' dir='ltr'>inde</span> <span class='ocrx_word' id='word_1_82' title='bbox 1005 1445 1041 1506; x_wconf 90' lang='lat' dir='ltr'>ab</span> <span class='ocrx_word' id='word_1_83' title='bbox 1064 1465 1089 1508; x_wconf 87' lang='lat' dir='ltr'>a.</span> <span class='ocrx_word' id='word_1_84' title='bbox 1114 1449 1176 1512; x_wconf 80' lang='lat'>238</span> <span class='ocrx_word' id='word_1_85' title='bbox 1198 1445 1265 1505; x_wconf 92' lang='lat' dir='ltr'>Boii</span> 
     </span>
     <span class='ocr_line' id='line_1_11' title="bbox 141 1542 1264 1626; baseline 0.002 -23"><span class='ocrx_word' id='word_1_86' title='bbox 141 1542 285 1622; x_wconf 85' lang='lat' dir='ltr'>Cisalpini</span> <span class='ocrx_word' id='word_1_87' title='bbox 314 1563 380 1605; x_wconf 93' lang='lat' dir='ltr'>cum</span> <span class='ocrx_word' id='word_1_88' title='bbox 403 1545 545 1607; x_wconf 86' lang='lat' dir='ltr'>Romanis</span> <span class='ocrx_word' id='word_1_89' title='bbox 567 1545 750 1617; x_wconf 88' lang='lat' dir='ltr'>habuerunt,</span> <span class='ocrx_word' id='word_1_90' title='bbox 775 1547 987 1626; x_wconf 87' lang='lat' dir='ltr'>Transalpinos</span> <span class='ocrx_word' id='word_1_91' title='bbox 1010 1548 1046 1608; x_wconf 95' lang='lat' dir='ltr'>ab</span> <span class='ocrx_word' id='word_1_92' title='bbox 1075 1546 1133 1606; x_wconf 91' lang='lat' dir='ltr'>illis</span> <span class='ocrx_word' id='word_1_93' title='bbox 1156 1545 1264 1606; x_wconf 83' lang='lat' dir='ltr'>auxilio</span> 
     </span>
     <span class='ocr_line' id='line_1_12' title="bbox 141 1646 1263 1728; baseline 0.003 -25"><span class='ocrx_word' id='word_1_94' title='bbox 141 1653 264 1705; x_wconf 90' lang='lat' dir='ltr'>vocatos</span> <span class='ocrx_word' id='word_1_95' title='bbox 288 1664 366 1716; x_wconf 87' lang='lat' dir='ltr'>esse,</span> <span class='ocrx_word' id='word_1_96' title='bbox 390 1647 490 1709; x_wconf 77' lang='lat' dir='ltr'>livius</span> <span class='ocrx_word' id='word_1_97' title='bbox 513 1655 542 1708; x_wconf 91' lang='lat' dir='ltr'>et</span> <span class='ocrx_word' id='word_1_98' title='bbox 563 1647 704 1728; x_wconf 82' lang='lat' dir='ltr'>Polybius</span> <span class='ocrx_word' id='word_1_99' title='bbox 727 1646 1033 1725; x_wconf 58' lang='lat' dir='ltr'>disertetraduntssi)</span> <span class='ocrx_word' id='word_1_100' title='bbox 1078 1648 1211 1719; x_wconf 82' lang='lat' dir='ltr'>Quarum</span> <span class='ocrx_word' id='word_1_101' title='bbox 1233 1650 1263 1706; x_wconf 91' lang='lat' dir='ltr'>in</span> 
     </span>
     <span class='ocr_line' id='line_1_13' title="bbox 140 1744 1294 1831; baseline 0.001 -24"><span class='ocrx_word' id='word_1_102' title='bbox 140 1744 257 1808; x_wconf 88' lang='lat' dir='ltr'>ltaliam</span> <span class='ocrx_word' id='word_1_103' title='bbox 280 1749 501 1828; x_wconf 86' lang='lat' dir='ltr'>expeditionum</span> <span class='ocrx_word' id='word_1_104' title='bbox 525 1768 575 1810; x_wconf 88' lang='lat' dir='ltr'>cas</span> <span class='ocrx_word' id='word_1_105' title='bbox 591 1766 710 1827; x_wconf 87' lang='lat' dir='ltr'>quoqne</span> <span class='ocrx_word' id='word_1_106' title='bbox 732 1751 864 1812; x_wconf 88' lang='lat' dir='ltr'>civitates</span> <span class='ocrx_word' id='word_1_107' title='bbox 879 1753 1040 1830; x_wconf 88' lang='lat' dir='ltr'>participes</span> <span class='ocrx_word' id='word_1_108' title='bbox 1062 1751 1164 1819; x_wconf 87' lang='lat' dir='ltr'>luisse,</span> <span class='ocrx_word' id='word_1_109' title='bbox 1188 1767 1264 1828; x_wconf 88' lang='lat' dir='ltr'>quae</span> <span class='ocrx_word' id='word_1_110' title='bbox 1291 1827 1294 1831; x_wconf 17' lang='grc' dir='ltr'>Ι</span> 
     </span>
     <span class='ocr_line' id='line_1_14' title="bbox 139 1849 1264 1929; baseline 0.002 -21"><span class='ocrx_word' id='word_1_111' title='bbox 139 1850 172 1909; x_wconf 94' lang='lat' dir='ltr'>in</span> <span class='ocrx_word' id='word_1_112' title='bbox 196 1849 383 1910; x_wconf 89' lang='lat' dir='ltr'>meridionali</span> <span class='ocrx_word' id='word_1_113' title='bbox 405 1849 497 1912; x_wconf 89' lang='lat' dir='ltr'>Gallia</span> <span class='ocrx_word' id='word_1_114' title='bbox 520 1849 607 1910; x_wconf 89' lang='lat' dir='ltr'>sedes</span> <span class='ocrx_word' id='word_1_115' title='bbox 629 1849 813 1922; x_wconf 87' lang='lat' dir='ltr'>habuerunt,</span> <span class='ocrx_word' id='word_1_116' title='bbox 843 1871 903 1913; x_wconf 94' lang='lat' dir='ltr'>non</span> <span class='ocrx_word' id='word_1_117' title='bbox 931 1853 1027 1913; x_wconf 88' lang='lat' dir='ltr'>solum</span> <span class='ocrx_word' id='word_1_118' title='bbox 1052 1850 1138 1912; x_wconf 87' lang='lat' dir='ltr'>lacile</span> <span class='ocrx_word' id='word_1_119' title='bbox 1165 1857 1264 1929; x_wconf 86' lang='lat' dir='ltr'>potest</span> 
     </span>
     <span class='ocr_line' id='line_1_15' title="bbox 140 1937 1262 2030; baseline 0 -20"><span class='ocrx_word' id='word_1_120' title='bbox 140 1937 255 2020; x_wconf 79' lang='lat' dir='ltr'>conici,</span> <span class='ocrx_word' id='word_1_121' title='bbox 286 1951 338 2012; x_wconf 88' lang='lat' dir='ltr'>sed</span> <span class='ocrx_word' id='word_1_122' title='bbox 367 1953 455 2012; x_wconf 88' lang='lat' dir='ltr'>etiam</span> <span class='ocrx_word' id='word_1_123' title='bbox 484 1958 587 2030; x_wconf 88' lang='lat' dir='ltr'>aperte</span> <span class='ocrx_word' id='word_1_124' title='bbox 616 1953 753 2013; x_wconf 75' lang='lat' dir='ltr'>traditur,</span> <span class='ocrx_word' id='word_1_125' title='bbox 804 1954 877 2014; x_wconf 92' lang='lat' dir='ltr'>Nam</span> <span class='ocrx_word' id='word_1_126' title='bbox 911 1959 940 2012; x_wconf 87' lang='lat' dir='ltr'>et</span> <span class='ocrx_word' id='word_1_127' title='bbox 972 1951 1151 2014; x_wconf 90' lang='lat' dir='ltr'>Plutarchus</span> <span class='ocrx_word' id='word_1_128' title='bbox 1182 1952 1262 2020; x_wconf 93' lang='lat' dir='ltr'>dicit,</span> 
     </span>
     <span class='ocr_line' id='line_1_16' title="bbox 141 2051 1263 2133; baseline 0.001 -22"><span class='ocrx_word' id='word_1_129' title='bbox 141 2070 196 2112; x_wconf 91' lang='lat' dir='ltr'>eas</span> <span class='ocrx_word' id='word_1_130' title='bbox 218 2052 369 2114; x_wconf 85' lang='lat' dir='ltr'>Celtarum</span> <span class='ocrx_word' id='word_1_131' title='bbox 389 2059 510 2130; x_wconf 88' lang='lat' dir='ltr'>gentes,</span> <span class='ocrx_word' id='word_1_132' title='bbox 540 2069 616 2131; x_wconf 84' lang='lat' dir='ltr'>quae</span> <span class='ocrx_word' id='word_1_133' title='bbox 638 2053 750 2115; x_wconf 91' lang='lat' dir='ltr'>ltaliam</span> <span class='ocrx_word' id='word_1_134' title='bbox 773 2051 876 2133; x_wconf 89' lang='lat' dir='ltr'>postea</span> <span class='ocrx_word' id='word_1_135' title='bbox 897 2055 1074 2122; x_wconf 91' lang='lat' dir='ltr'>invaserint,</span> <span class='ocrx_word' id='word_1_136' title='bbox 1104 2053 1154 2113; x_wconf 90' lang='lat' dir='ltr'>diu</span> <span class='ocrx_word' id='word_1_137' title='bbox 1184 2054 1263 2112; x_wconf 89' lang='lat' dir='ltr'>inter</span> 
     </span>
     <span class='ocr_line' id='line_1_17' title="bbox 139 2153 1263 2233; baseline 0 -21"><span class='ocrx_word' id='word_1_138' title='bbox 139 2153 313 2232; x_wconf 80' lang='lat' dir='ltr'>Pyrenaeos</span> <span class='ocrx_word' id='word_1_139' title='bbox 336 2161 365 2213; x_wconf 89' lang='lat' dir='ltr'>et</span> <span class='ocrx_word' id='word_1_140' title='bbox 379 2153 468 2233; x_wconf 79' lang='lat' dir='ltr'>Alpes</span> <span class='ocrx_word' id='word_1_141' title='bbox 490 2153 647 2224; x_wconf 88' lang='lat' dir='ltr'>habitasse,</span> <span class='ocrx_word' id='word_1_142' title='bbox 671 2163 701 2216; x_wconf 90' lang='lat' dir='ltr'>ct</span> <span class='ocrx_word' id='word_1_143' title='bbox 722 2155 835 2217; x_wconf 90' lang='lat' dir='ltr'>Plinius</span> <span class='ocrx_word' id='word_1_144' title='bbox 857 2157 965 2225; x_wconf 88' lang='lat' dir='ltr'>relert,</span> <span class='ocrx_word' id='word_1_145' title='bbox 989 2156 1188 2223; x_wconf 89' lang='lat' dir='ltr'>Cenomanos,</span> <span class='ocrx_word' id='word_1_146' title='bbox 1213 2155 1263 2230; x_wconf 89' lang='lat' dir='ltr'>qui</span> 
     </span>
     <span class='ocr_line' id='line_1_18' title="bbox 139 2254 1261 2334; baseline 0.001 -21"><span class='ocrx_word' id='word_1_147' title='bbox 139 2263 246 2334; x_wconf 89' lang='lat' dir='ltr'>postea</span> <span class='ocrx_word' id='word_1_148' title='bbox 280 2256 359 2315; x_wconf 88' lang='lat' dir='ltr'>circa</span> <span class='ocrx_word' id='word_1_149' title='bbox 387 2254 563 2317; x_wconf 88' lang='lat' dir='ltr'>Cremonam</span> <span class='ocrx_word' id='word_1_150' title='bbox 592 2263 622 2317; x_wconf 90' lang='lat' dir='ltr'>et</span> <span class='ocrx_word' id='word_1_151' title='bbox 650 2257 781 2318; x_wconf 82' lang='lat' dir='ltr'>Brixiam</span> <span class='ocrx_word' id='word_1_152' title='bbox 816 2256 1031 2325; x_wconf 90' lang='lat' dir='ltr'>consederunt,</span> <span class='ocrx_word' id='word_1_153' title='bbox 1066 2255 1176 2316; x_wconf 87' lang='lat' dir='ltr'>Catone</span> <span class='ocrx_word' id='word_1_154' title='bbox 1210 2273 1261 2314; x_wconf 90' lang='lat' dir='ltr'>au·</span> 
     </span>
     <span class='ocr_line' id='line_1_19' title="bbox 140 2354 1262 2441; baseline 0.001 -26"><span class='ocrx_word' id='word_1_155' title='bbox 140 2362 226 2416; x_wconf 90' lang='lat' dir='ltr'>ctore</span> <span class='ocrx_word' id='word_1_156' title='bbox 254 2356 325 2417; x_wconf 92' lang='lat' dir='ltr'>olim</span> <span class='ocrx_word' id='word_1_157' title='bbox 352 2358 383 2416; x_wconf 93' lang='lat' dir='ltr'>in</span> <span class='ocrx_word' id='word_1_158' title='bbox 407 2357 504 2418; x_wconf 89' lang='lat' dir='ltr'>Volcis</span> <span class='ocrx_word' id='word_1_159' title='bbox 533 2359 615 2418; x_wconf 80' lang='lat' dir='ltr'>iuxta</span> <span class='ocrx_word' id='word_1_160' title='bbox 638 2359 795 2420; x_wconf 89' lang='lat' dir='ltr'>hlassiliam</span> <span class='ocrx_word' id='word_1_161' title='bbox 823 2354 1025 2435; x_wconf 55' lang='lat' dir='ltr'>habitassem)</span> <span class='ocrx_word' id='word_1_162' title='bbox 1078 2357 1135 2428; x_wconf 83' lang='lat' dir='ltr'>Qui</span> <span class='ocrx_word' id='word_1_163' title='bbox 1164 2363 1262 2441; x_wconf 90' lang='lat' dir='ltr'>autem</span> 
     </span>
     <span class='ocr_line' id='line_1_20' title="bbox 137 2457 1261 2540; baseline 0.001 -24"><span class='ocrx_word' id='word_1_164' title='bbox 137 2459 221 2517; x_wconf 88' lang='lat' dir='ltr'>inter</span> <span class='ocrx_word' id='word_1_165' title='bbox 250 2457 397 2519; x_wconf 88' lang='lat' dir='ltr'>Bellovesi</span> <span class='ocrx_word' id='word_1_166' title='bbox 425 2461 573 2521; x_wconf 85' lang='lat' dir='ltr'>exercitus</span> <span class='ocrx_word' id='word_1_167' title='bbox 600 2467 702 2540; x_wconf 89' lang='lat' dir='ltr'>partes</span> <span class='ocrx_word' id='word_1_168' title='bbox 729 2478 746 2519; x_wconf 91' lang='lat' dir='ltr'>a</span> <span class='ocrx_word' id='word_1_169' title='bbox 768 2460 850 2520; x_wconf 88' lang='lat' dir='ltr'>Livio</span> <span class='ocrx_word' id='word_1_170' title='bbox 878 2465 1074 2521; x_wconf 89' lang='lat' dir='ltr'>recensentur</span> <span class='ocrx_word' id='word_1_171' title='bbox 1103 2458 1261 2535; x_wconf 77' lang='lat' dir='ltr'>Bituriges</span> 
     </span>
     <span class='ocr_line' id='line_1_21' title="bbox 137 2559 1262 2628; baseline -0.001 -8"><span class='ocrx_word' id='word_1_172' title='bbox 137 2560 282 2626; x_wconf 83' lang='lat' dir='ltr'>Arverni,</span> <span class='ocrx_word' id='word_1_173' title='bbox 298 2559 406 2620; x_wconf 76' lang='lat' dir='ltr'>&#39;Aedui</span> <span class='ocrx_word' id='word_1_174' title='bbox 436 2578 503 2621; x_wconf 93' lang='lat' dir='ltr'>cum</span> <span class='ocrx_word' id='word_1_175' title='bbox 526 2562 605 2621; x_wconf 90' lang='lat' dir='ltr'>circa</span> <span class='ocrx_word' id='word_1_176' title='bbox 635 2560 803 2622; x_wconf 90' lang='lat' dir='ltr'>Cebennam</span> <span class='ocrx_word' id='word_1_177' title='bbox 833 2570 966 2623; x_wconf 90' lang='lat' dir='ltr'>montem</span> <span class='ocrx_word' id='word_1_178' title='bbox 993 2561 1079 2622; x_wconf 88' lang='lat' dir='ltr'>sedes</span> <span class='ocrx_word' id='word_1_179' title='bbox 1107 2559 1262 2628; x_wconf 90' lang='lat' dir='ltr'>haberent,</span> 
     </span>
     <span class='ocr_line' id='line_1_22' title="bbox 138 2659 1316 2742; baseline 0.003 -24"><span class='ocrx_word' id='word_1_180' title='bbox 138 2659 221 2719; x_wconf 90' lang='lat' dir='ltr'>haud</span> <span class='ocrx_word' id='word_1_181' title='bbox 247 2660 336 2720; x_wconf 92' lang='lat' dir='ltr'>dubie</span> <span class='ocrx_word' id='word_1_182' title='bbox 362 2662 563 2723; x_wconf 87' lang='lat' dir='ltr'>meridionalis</span> <span class='ocrx_word' id='word_1_183' title='bbox 589 2679 708 2742; x_wconf 89' lang='lat' dir='ltr'>quoque</span> <span class='ocrx_word' id='word_1_184' title='bbox 735 2662 844 2724; x_wconf 87' lang='lat' dir='ltr'>Galliae</span> <span class='ocrx_word' id='word_1_185' title='bbox 865 2671 983 2741; x_wconf 81' lang='lat' dir='ltr'>gentse,</span> <span class='ocrx_word' id='word_1_186' title='bbox 1013 2681 1086 2742; x_wconf 87' lang='lat' dir='ltr'>quas</span> <span class='ocrx_word' id='word_1_187' title='bbox 1113 2663 1143 2722; x_wconf 93' lang='lat' dir='ltr'>in</span> <span class='ocrx_word' id='word_1_188' title='bbox 1171 2660 1261 2722; x_wconf 93' lang='lat' dir='ltr'>clien·</span> <span class='ocrx_word' id='word_1_189' title='bbox 1313 2701 1316 2705; x_wconf 89' lang='lat'><em>-</em></span> 
     </span>
     <span class='ocr_line' id='line_1_23' title="bbox 139 2760 1262 2833; baseline 0.003 -13"><span class='ocrx_word' id='word_1_190' title='bbox 139 2760 200 2821; x_wconf 88' lang='lat' dir='ltr'>tela</span> <span class='ocrx_word' id='word_1_191' title='bbox 225 2760 389 2833; x_wconf 87' lang='lat' dir='ltr'>habebant,</span> <span class='ocrx_word' id='word_1_192' title='bbox 424 2782 524 2825; x_wconf 89' lang='lat' dir='ltr'>secum</span> <span class='ocrx_word' id='word_1_193' title='bbox 553 2763 713 2824; x_wconf 81' lang='lat' dir='ltr'>duxeruut.</span> <span class='ocrx_word' id='word_1_194' title='bbox 747 2799 790 2807; x_wconf 92' lang='lat'>—-</span> <span class='ocrx_word' id='word_1_195' title='bbox 820 2766 929 2825; x_wconf 88' lang='lat' dir='ltr'>Verum</span> <span class='ocrx_word' id='word_1_196' title='bbox 959 2763 1014 2824; x_wconf 90' lang='lat' dir='ltr'>hae</span> <span class='ocrx_word' id='word_1_197' title='bbox 1042 2767 1121 2825; x_wconf 86' lang='lat' dir='ltr'>inter</span> <span class='ocrx_word' id='word_1_198' title='bbox 1152 2763 1262 2823; x_wconf 89' lang='lat' dir='ltr'>Trans·</span> 
     </span>
     <span class='ocr_line' id='line_1_24' title="bbox 138 2862 1262 2944; baseline 0 -20"><span class='ocrx_word' id='word_1_199' title='bbox 138 2862 258 2941; x_wconf 86' lang='lat' dir='ltr'>alpinos</span> <span class='ocrx_word' id='word_1_200' title='bbox 287 2871 316 2923; x_wconf 91' lang='lat' dir='ltr'>et</span> <span class='ocrx_word' id='word_1_201' title='bbox 341 2864 454 2925; x_wconf 90' lang='lat' dir='ltr'>ltaliam</span> <span class='ocrx_word' id='word_1_202' title='bbox 484 2867 615 2927; x_wconf 87' lang='lat' dir='ltr'>rationes</span> <span class='ocrx_word' id='word_1_203' title='bbox 643 2884 767 2944; x_wconf 89' lang='lat' dir='ltr'>prorsus</span> <span class='ocrx_word' id='word_1_204' title='bbox 796 2873 924 2926; x_wconf 89' lang='lat' dir='ltr'>mutatae</span> <span class='ocrx_word' id='word_1_205' title='bbox 951 2874 1021 2926; x_wconf 88' lang='lat' dir='ltr'>sunt</span> <span class='ocrx_word' id='word_1_206' title='bbox 1056 2872 1123 2944; x_wconf 90' lang='lat' dir='ltr'>post</span> <span class='ocrx_word' id='word_1_207' title='bbox 1150 2863 1262 2925; x_wconf 90' lang='lat' dir='ltr'>bellum</span> 
     </span>
     <span class='ocr_line' id='line_1_25' title="bbox 138 2964 1261 3046; baseline 0 -22"><span class='ocrx_word' id='word_1_208' title='bbox 138 2964 329 3040; x_wconf 75' lang='lat' dir='ltr'>Hannibalis:</span> <span class='ocrx_word' id='word_1_209' title='bbox 369 2985 547 3046; x_wconf 88' lang='lat' dir='ltr'>quamquam</span> <span class='ocrx_word' id='word_1_210' title='bbox 588 2968 666 3027; x_wconf 89' lang='lat' dir='ltr'>enim</span> <span class='ocrx_word' id='word_1_211' title='bbox 705 2985 765 3026; x_wconf 90' lang='lat' dir='ltr'>non</span> <span class='ocrx_word' id='word_1_212' title='bbox 802 2985 838 3026; x_wconf 89' lang='lat' dir='ltr'>eo</span> <span class='ocrx_word' id='word_1_213' title='bbox 875 2967 1011 3046; x_wconf 86' lang='lat' dir='ltr'>perducti</span> <span class='ocrx_word' id='word_1_214' title='bbox 1048 2972 1117 3027; x_wconf 88' lang='lat' dir='ltr'>sunt</span> <span class='ocrx_word' id='word_1_215' title='bbox 1151 2965 1261 3026; x_wconf 82' lang='lat' dir='ltr'>Trans-</span> 
     </span>
     <span class='ocr_line' id='line_1_26' title="bbox 139 3065 1262 3146; baseline -0.001 -20"><span class='ocrx_word' id='word_1_216' title='bbox 139 3065 248 3144; x_wconf 87' lang='lat' dir='ltr'>alpini,</span> <span class='ocrx_word' id='word_1_217' title='bbox 283 3074 317 3129; x_wconf 87' lang='lat' dir='ltr'>ut</span> <span class='ocrx_word' id='word_1_218' title='bbox 347 3069 407 3146; x_wconf 91' lang='lat' dir='ltr'>ipsi</span> <span class='ocrx_word' id='word_1_219' title='bbox 439 3087 507 3129; x_wconf 88' lang='lat' dir='ltr'>cum</span> <span class='ocrx_word' id='word_1_220' title='bbox 536 3068 679 3129; x_wconf 87' lang='lat' dir='ltr'>Romanis</span> <span class='ocrx_word' id='word_1_221' title='bbox 705 3067 916 3146; x_wconf 72' lang='lat' dir='ltr'>confligerent,</span> <span class='ocrx_word' id='word_1_222' title='bbox 950 3076 1049 3128; x_wconf 85' lang='lat' dir='ltr'>tamen</span> <span class='ocrx_word' id='word_1_223' title='bbox 1083 3068 1192 3126; x_wconf 87' lang='lat' dir='ltr'>summi</span> <span class='ocrx_word' id='word_1_224' title='bbox 1227 3067 1262 3126; x_wconf 92' lang='lat' dir='ltr'>ad</span> 
     </span>
     <span class='ocr_line' id='line_1_27' title="bbox 139 3167 1270 3245; baseline 0.002 -19"><span class='ocrx_word' id='word_1_225' title='bbox 139 3185 248 3228; x_wconf 92' lang='lat' dir='ltr'>onmes</span> <span class='ocrx_word' id='word_1_226' title='bbox 264 3167 390 3230; x_wconf 89' lang='lat' dir='ltr'>Gallicas</span> <span class='ocrx_word' id='word_1_227' title='bbox 412 3171 549 3230; x_wconf 87' lang='lat' dir='ltr'>nationes</span> <span class='ocrx_word' id='word_1_228' title='bbox 565 3171 708 3230; x_wconf 92' lang='lat' dir='ltr'>momenti</span> <span class='ocrx_word' id='word_1_229' title='bbox 731 3176 796 3230; x_wconf 90' lang='lat' dir='ltr'>erat</span> <span class='ocrx_word' id='word_1_230' title='bbox 818 3171 882 3230; x_wconf 91' lang='lat' dir='ltr'>eius</span> <span class='ocrx_word' id='word_1_231' title='bbox 898 3168 967 3230; x_wconf 93' lang='lat' dir='ltr'>belli</span> <span class='ocrx_word' id='word_1_232' title='bbox 983 3169 1087 3237; x_wconf 75' lang='lat' dir='ltr'>exitus</span> <span class='ocrx_word' id='word_1_233' title='bbox 1112 3168 1270 3245; x_wconf 74' lang='lat' dir='ltr'>guertium„</span> 
     </span>
     <span class='ocr_line' id='line_1_28' title="bbox 139 3269 1263 3350; baseline 0.002 -22"><span class='ocrx_word' id='word_1_234' title='bbox 139 3277 176 3328; x_wconf 93' lang='lat' dir='ltr'>ut</span> <span class='ocrx_word' id='word_1_235' title='bbox 197 3270 255 3330; x_wconf 93' lang='lat' dir='ltr'>iam</span> <span class='ocrx_word' id='word_1_236' title='bbox 277 3270 356 3330; x_wconf 89' lang='lat' dir='ltr'>iuter</span> <span class='ocrx_word' id='word_1_237' title='bbox 378 3272 508 3350; x_wconf 89' lang='lat' dir='ltr'>primum</span> <span class='ocrx_word' id='word_1_238' title='bbox 539 3278 568 3330; x_wconf 86' lang='lat' dir='ltr'>et</span> <span class='ocrx_word' id='word_1_239' title='bbox 595 3270 759 3332; x_wconf 91' lang='lat' dir='ltr'>secundum</span> <span class='ocrx_word' id='word_1_240' title='bbox 790 3289 857 3332; x_wconf 90' lang='lat' dir='ltr'>cum</span> <span class='ocrx_word' id='word_1_241' title='bbox 881 3269 1173 3348; x_wconf 86' lang='lat' dir='ltr'>Carthaginiensibus</span> <span class='ocrx_word' id='word_1_242' title='bbox 1195 3269 1263 3330; x_wconf 89' lang='lat' dir='ltr'>bel-</span> 
     </span>
     <span class='ocr_line' id='line_1_29' title="bbox 138 3369 1262 3466; baseline 0.001 -36"><span class='ocrx_word' id='word_1_243' title='bbox 138 3369 203 3430; x_wconf 92' lang='lat' dir='ltr'>lum</span> <span class='ocrx_word' id='word_1_244' title='bbox 232 3372 371 3450; x_wconf 88' lang='lat' dir='ltr'>superior</span> <span class='ocrx_word' id='word_1_245' title='bbox 400 3391 467 3432; x_wconf 89' lang='lat' dir='ltr'>esse</span> <span class='ocrx_word' id='word_1_246' title='bbox 496 3380 637 3450; x_wconf 86' lang='lat' dir='ltr'>coeperat</span> <span class='ocrx_word' id='word_1_247' title='bbox 664 3372 868 3433; x_wconf 86' lang='lat' dir='ltr'>Romanorum</span> <span class='ocrx_word' id='word_1_248' title='bbox 890 3381 973 3433; x_wconf 87' lang='lat' dir='ltr'>trans</span> <span class='ocrx_word' id='word_1_249' title='bbox 995 3371 1106 3466; x_wconf 77' lang='lat' dir='ltr'>Padum</span> <span class='ocrx_word' id='word_1_250' title='bbox 1131 3390 1194 3440; x_wconf 78' lang='lat' dir='ltr'>ree,</span> <span class='ocrx_word' id='word_1_251' title='bbox 1221 3373 1262 3431; x_wconf 90' lang='lat' dir='ltr'>ita</span> 
     </span>
     <span class='ocr_line' id='line_1_30' title="bbox 139 3471 1260 3553; baseline 0.001 -22"><span class='ocrx_word' id='word_1_252' title='bbox 139 3473 220 3532; x_wconf 87' lang='lat' dir='ltr'>victo</span> <span class='ocrx_word' id='word_1_253' title='bbox 242 3473 406 3534; x_wconf 88' lang='lat' dir='ltr'>Hannibale</span> <span class='ocrx_word' id='word_1_254' title='bbox 428 3473 555 3535; x_wconf 88' lang='lat' dir='ltr'>Romani</span> <span class='ocrx_word' id='word_1_255' title='bbox 577 3492 646 3534; x_wconf 93' lang='lat' dir='ltr'>cum</span> <span class='ocrx_word' id='word_1_256' title='bbox 669 3473 705 3534; x_wconf 92' lang='lat' dir='ltr'>ab</span> <span class='ocrx_word' id='word_1_257' title='bbox 727 3492 786 3534; x_wconf 91' lang='lat' dir='ltr'>una</span> <span class='ocrx_word' id='word_1_258' title='bbox 809 3480 893 3553; x_wconf 89' lang='lat' dir='ltr'>parte</span> <span class='ocrx_word' id='word_1_259' title='bbox 913 3491 1008 3552; x_wconf 86' lang='lat' dir='ltr'>usque</span> <span class='ocrx_word' id='word_1_260' title='bbox 1031 3472 1067 3534; x_wconf 94' lang='lat' dir='ltr'>ad</span> <span class='ocrx_word' id='word_1_261' title='bbox 1080 3471 1169 3552; x_wconf 84' lang='lat' dir='ltr'>hlpes</span> <span class='ocrx_word' id='word_1_262' title='bbox 1191 3491 1260 3552; x_wconf 93' lang='lat' dir='ltr'>pro-</span> 
     </span>
     <span class='ocr_line' id='line_1_31' title="bbox 139 3574 1261 3654; baseline 0.001 -21"><span class='ocrx_word' id='word_1_263' title='bbox 139 3575 238 3652; x_wconf 86' lang='lat' dir='ltr'>gressi</span> <span class='ocrx_word' id='word_1_264' title='bbox 261 3583 371 3645; x_wconf 90' lang='lat' dir='ltr'>esscnt,</span> <span class='ocrx_word' id='word_1_265' title='bbox 395 3575 431 3636; x_wconf 95' lang='lat' dir='ltr'>ab</span> <span class='ocrx_word' id='word_1_266' title='bbox 454 3575 546 3636; x_wconf 88' lang='lat' dir='ltr'>altera</span> <span class='ocrx_word' id='word_1_267' title='bbox 561 3575 732 3654; x_wconf 90' lang='lat' dir='ltr'>Hispaniam</span> <span class='ocrx_word' id='word_1_268' title='bbox 748 3594 866 3637; x_wconf 89' lang='lat' dir='ltr'>omnem</span> <span class='ocrx_word' id='word_1_269' title='bbox 889 3593 960 3635; x_wconf 89' lang='lat' dir='ltr'>suae</span> <span class='ocrx_word' id='word_1_270' title='bbox 975 3575 1094 3636; x_wconf 91' lang='lat' dir='ltr'>ditionis</span> <span class='ocrx_word' id='word_1_271' title='bbox 1111 3574 1261 3643; x_wconf 84' lang='lat' dir='ltr'>iecissent,</span> 
     </span>
     <span class='ocr_line' id='line_1_32' title="bbox 140 3675 1262 3756; baseline -0.001 -22"><span class='ocrx_word' id='word_1_272' title='bbox 140 3677 200 3735; x_wconf 88' lang='lat' dir='ltr'>iarn</span> <span class='ocrx_word' id='word_1_273' title='bbox 225 3675 342 3737; x_wconf 88' lang='lat' dir='ltr'>clausos</span> <span class='ocrx_word' id='word_1_274' title='bbox 364 3676 507 3738; x_wconf 86' lang='lat' dir='ltr'>tenebant</span> <span class='ocrx_word' id='word_1_275' title='bbox 529 3678 603 3738; x_wconf 88' lang='lat' dir='ltr'>lines</span> <span class='ocrx_word' id='word_1_276' title='bbox 624 3677 905 3756; x_wconf 82' lang='lat' dir='ltr'>Transalpinorum,</span> <span class='ocrx_word' id='word_1_277' title='bbox 936 3694 1033 3755; x_wconf 82' lang='lat' dir='ltr'>neque</span> <span class='ocrx_word' id='word_1_278' title='bbox 1060 3677 1119 3736; x_wconf 92' lang='lat' dir='ltr'>iam</span> <span class='ocrx_word' id='word_1_279' title='bbox 1145 3677 1172 3736; x_wconf 92' lang='lat' dir='ltr'>is</span> <span class='ocrx_word' id='word_1_280' title='bbox 1200 3683 1262 3736; x_wconf 89' lang='lat' dir='ltr'>erat</span> 
     </span>
     <span class='ocr_line' id='line_1_33' title="bbox 141 3777 1301 3856; baseline -0.002 -18"><span class='ocrx_word' id='word_1_281' title='bbox 141 3795 246 3838; x_wconf 90' lang='lat' dir='ltr'>rerum</span> <span class='ocrx_word' id='word_1_282' title='bbox 268 3785 372 3848; x_wconf 86' lang='lat' dir='ltr'>status,</span> <span class='ocrx_word' id='word_1_283' title='bbox 397 3785 430 3838; x_wconf 92' lang='lat' dir='ltr'>ut</span> <span class='ocrx_word' id='word_1_284' title='bbox 444 3778 596 3840; x_wconf 86' lang='lat' dir='ltr'>Gallorum</span> <span class='ocrx_word' id='word_1_285' title='bbox 619 3780 649 3839; x_wconf 92' lang='lat' dir='ltr'>iu</span> <span class='ocrx_word' id='word_1_286' title='bbox 672 3777 799 3852; x_wconf 90' lang='lat' dir='ltr'>ltaliam,</span> <span class='ocrx_word' id='word_1_287' title='bbox 823 3780 876 3839; x_wconf 90' lang='lat' dir='ltr'>sed</span> <span class='ocrx_word' id='word_1_288' title='bbox 898 3787 931 3839; x_wconf 86' lang='lat' dir='ltr'>ut</span> <span class='ocrx_word' id='word_1_289' title='bbox 945 3779 1148 3840; x_wconf 86' lang='lat' dir='ltr'>Romanorum</span> <span class='ocrx_word' id='word_1_290' title='bbox 1163 3778 1262 3856; x_wconf 92' lang='lat' dir='ltr'>potius</span> <span class='ocrx_word' id='word_1_291' title='bbox 1299 3807 1301 3811; x_wconf 34' lang='lat' dir='ltr'>v</span> 
     </span>
     <span class='ocr_line' id='line_1_34' title="bbox 139 3878 1259 3959; baseline -0.002 -21"><span class='ocrx_word' id='word_1_292' title='bbox 139 3880 172 3938; x_wconf 90' lang='lat' dir='ltr'>in</span> <span class='ocrx_word' id='word_1_293' title='bbox 195 3878 319 3940; x_wconf 89' lang='lat' dir='ltr'>Galliam</span> <span class='ocrx_word' id='word_1_294' title='bbox 341 3881 533 3941; x_wconf 87' lang='lat' dir='ltr'>imminerent</span> <span class='ocrx_word' id='word_1_295' title='bbox 554 3879 770 3959; x_wconf 84' lang='lat' dir='ltr'>expeditiones.</span> <span class='ocrx_word' id='word_1_296' title='bbox 813 3882 850 3941; x_wconf 87' lang='lat' dir='ltr'>llt</span> <span class='ocrx_word' id='word_1_297' title='bbox 872 3888 935 3940; x_wconf 88' lang='lat' dir='ltr'>turn</span> <span class='ocrx_word' id='word_1_298' title='bbox 959 3879 1078 3957; x_wconf 87' lang='lat' dir='ltr'>quidem</span> <span class='ocrx_word' id='word_1_299' title='bbox 1101 3878 1138 3938; x_wconf 90' lang='lat' dir='ltr'>de</span> <span class='ocrx_word' id='word_1_300' title='bbox 1161 3879 1259 3957; x_wconf 90' lang='lat' dir='ltr'>traici·</span> 
     </span>
     <span class='ocr_line' id='line_1_35' title="bbox 139 3979 1261 4070; baseline -0.003 -30"><span class='ocrx_word' id='word_1_301' title='bbox 139 3980 228 4070; x_wconf 69' lang='lat' dir='ltr'>endis</span> <span class='ocrx_word' id='word_1_302' title='bbox 252 3979 391 4060; x_wconf 78' lang='lat' dir='ltr'>Alpibus,</span> <span class='ocrx_word' id='word_1_303' title='bbox 425 3984 600 4061; x_wconf 89' lang='lat' dir='ltr'>priusquam</span> <span class='ocrx_word' id='word_1_304' title='bbox 634 3981 846 4062; x_wconf 88' lang='lat' dir='ltr'>Transpadana</span> <span class='ocrx_word' id='word_1_305' title='bbox 874 3981 967 4042; x_wconf 88' lang='lat' dir='ltr'>Gallia</span> <span class='ocrx_word' id='word_1_306' title='bbox 1000 3999 1126 4060; x_wconf 90' lang='lat' dir='ltr'>prorsus</span> <span class='ocrx_word' id='word_1_307' title='bbox 1160 3985 1261 4058; x_wconf 89' lang='lat' dir='ltr'>pacata</span> 
     </span>
    </p>
   </div>
   <div class='ocr_carea' id='block_1_3' title="bbox 210 4233 1212 4470">
    <p class='ocr_par' dir='ltr' id='par_1_3' title="bbox 210 4233 1212 4470">
     <span class='ocr_line' id='line_1_36' title="bbox 210 4233 1132 4299; baseline -0.002 -14"><span class='ocrx_word' id='word_1_308' title='bbox 210 4233 465 4299; x_wconf 80' lang='lat' dir='ltr'>te)Liv.10,10.</span> <span class='ocrx_word' id='word_1_309' title='bbox 497 4234 595 4299; x_wconf 86' lang='lat' dir='ltr'>Polyb.</span> <span class='ocrx_word' id='word_1_310' title='bbox 613 4237 643 4297; x_wconf 80' lang='lat'>2,</span> <span class='ocrx_word' id='word_1_311' title='bbox 664 4236 703 4284; x_wconf 88' lang='grc'>19.</span> <span class='ocrx_word' id='word_1_312' title='bbox 1130 4290 1132 4295; x_wconf 48' lang='grc'>,</span> 
     </span>
     <span class='ocr_line' id='line_1_37' title="bbox 210 4314 1212 4384; baseline -0.005 -16"><span class='ocrx_word' id='word_1_313' title='bbox 210 4319 254 4381; x_wconf 90' lang='grc'>66)</span> <span class='ocrx_word' id='word_1_314' title='bbox 272 4319 336 4368; x_wconf 86' lang='lat' dir='ltr'>Liv.</span> <span class='ocrx_word' id='word_1_315' title='bbox 354 4319 421 4384; x_wconf 87' lang='lat' dir='ltr'>epit.</span> <span class='ocrx_word' id='word_1_316' title='bbox 439 4321 480 4370; x_wconf 79' lang='lat'>20.</span> <span class='ocrx_word' id='word_1_317' title='bbox 515 4319 613 4384; x_wconf 89' lang='lat' dir='ltr'>Polyb.</span> <span class='ocrx_word' id='word_1_318' title='bbox 632 4321 662 4379; x_wconf 79' lang='lat'>2,</span> <span class='ocrx_word' id='word_1_319' title='bbox 681 4320 723 4368; x_wconf 81' lang='lat'>21.</span> <span class='ocrx_word' id='word_1_320' title='bbox 760 4318 809 4368; x_wconf 88' lang='lat' dir='ltr'>cfr.</span> <span class='ocrx_word' id='word_1_321' title='bbox 829 4317 988 4377; x_wconf 86' lang='lat' dir='ltr'>Mommsen,</span> <span class='ocrx_word' id='word_1_322' title='bbox 1008 4315 1039 4364; x_wconf 86' lang='lat' dir='ltr'>R.</span> <span class='ocrx_word' id='word_1_323' title='bbox 1059 4314 1091 4366; x_wconf 82' lang='lat' dir='ltr'>G.</span> <span class='ocrx_word' id='word_1_324' title='bbox 1112 4317 1135 4378; x_wconf 90' lang='lat'>1,</span> <span class='ocrx_word' id='word_1_325' title='bbox 1155 4315 1212 4364; x_wconf 77' lang='lat'>528.</span> 
     </span>
     <span class='ocr_line' id='line_1_38' title="bbox 210 4401 946 4470; baseline -0.003 -18"><span class='ocrx_word' id='word_1_326' title='bbox 210 4404 254 4470; x_wconf 78' lang='lat' dir='ltr'>et)</span> <span class='ocrx_word' id='word_1_327' title='bbox 273 4401 415 4454; x_wconf 82' lang='lat' dir='ltr'>Plutarch.</span> <span class='ocrx_word' id='word_1_328' title='bbox 436 4401 545 4453; x_wconf 81' lang='lat' dir='ltr'>Gemill.</span> <span class='ocrx_word' id='word_1_329' title='bbox 566 4404 606 4453; x_wconf 88' lang='grc'>16.</span> <span class='ocrx_word' id='word_1_330' title='bbox 641 4402 749 4451; x_wconf 87' lang='lat' dir='ltr'>Plinius</span> <span class='ocrx_word' id='word_1_331' title='bbox 767 4403 793 4452; x_wconf 94' lang='lat' dir='ltr'>h.</span> <span class='ocrx_word' id='word_1_332' title='bbox 812 4416 838 4454; x_wconf 93' lang='lat' dir='ltr'>n.</span> <span class='ocrx_word' id='word_1_333' title='bbox 857 4405 886 4462; x_wconf 90' lang='grc'>3,</span> <span class='ocrx_word' id='word_1_334' title='bbox 905 4403 946 4452; x_wconf 83' lang='grc'>23.</span> 
     </span>
    </p>
   </div>
   <div class='ocr_carea' id='block_1_4' title="bbox 1014 4485 1056 4550">
    <p class='ocr_par' dir='ltr' id='par_1_4' title="bbox 1014 4485 1056 4550">
     <span class='ocr_line' id='line_1_39' title="bbox 1014 4485 1056 4550; baseline 0 -31"><span class='ocrx_word' id='word_1_335' title='bbox 1014 4485 1056 4550; x_wconf 71' lang='grc'>2*</span> 
     </span>
    </p>
   </div>
   <div class='ocr_carea' id='block_1_5' title="bbox 0 0 1596 5162">
    <p class='ocr_par' dir='ltr' id='par_1_5' title="bbox 0 0 1596 5162">
     <span class='ocr_line' id='line_1_40' title="bbox 0 0 1596 5162; baseline 0 1"><span class='ocrx_word' id='word_1_336' title='bbox 0 0 1596 5162; x_wconf 95' lang='lat' dir='ltr'> </span> 
     </span>
    </p>
   </div>
  </div>
 </body>
</html>
