3124 5168
1275 461 1299 506 V

178 613 362 676 litterarum
389 610 501 678 formis
530 633 595 677 non
622 611 763 696 antiquis
791 610 849 676 sed
875 611 1042 676 hodiernis
1070 611 1224 694 eduntur,
1252 612 1300 679 ita

179 713 269 779 tituli
297 714 557 800 quoque'nostri
584 712 714 796 vulgari
741 711 897 777 librorum
925 720 1109 777 nostrorum
1136 714 1299 798 scriptura

180 817 252 881 sive
266 815 382 880 litteris
398 815 577 880 minoribus
592 813 821 898 redderentur3
845 813 1023 900 eademque
1038 814 1172 896 ratione,
1188 837 1298 901 quem·

180 915 357 982 admodum
389 939 473 1002 quae
500 917 533 980 in
554 916 728 988 ,codicibus
760 917 970 982 inveniuntur
1003 917 1182 1002 scripturae
1214 939 1298 982 com-

178 1017 314 1105 pendia,
342 1017 523 1084 litterarum
545 1039 664 1100 nexus,
694 1026 789 1084 notae
818 1019 998 1104 singulares
1024 1019 1059 1083 in
1081 1020 1200 1083 nostris
1223 1018 1298 1082 scri-

178 1128 311 1207 ptorum
338 1118 536 1185 editionibus
563 1142 628 1184 non
653 1120 847 1202 redduntur,
875 1121 923 1185 ita
944 1141 985 1185 ne
1006 1141 1065 1186 nos
1088 1120 1218 1206 quidem
1239 1119 1298 1184 has

179 1221 361 1308 scripturae
383 1222 536 1286 minutias
565 1222 824 1302 observavimus,
856 1222 984 1308 singula
1011 1221 1173 1287 vocabula
1200 1222 1298 1286 omni-

178 1324 242 1390 bus
275 1323 392 1390 litteris
424 1323 689 1410 perscripsimus,
722 1324 903 1388 litterarum
926 1339 1043 1390 'nexus
1080 1321 1298 1404 dissolvimus,

178 1446 239 1511 pro
261 1427 347 1490 notis
369 1426 442 1510 ipsa
469 1427 571 1490 verba
592 1426 773 1510 posuimus,
801 1425 950 1492 versibus
979 1427 1031 1490 usi
1059 1447 1170 1489 sumus
1199 1426 1298 1490 conti-

179 1528 264 1608 nuis,
287 1525 430 1608 lacunas,
454 1535 612 1612 quantum
626 1528 801 1612 potuimus,
824 1527 1037 1613 explevimus,
1059 1529 1106 1592 ita
1121 1533 1240 1608 tamen,
1263 1534 1300 1590 ut

179 1629 324 1696 indicata
346 1650 499 1694 versuum
522 1627 765 1710 distributione,
788 1629 939 1694 indicatis
961 1650 1020 1714 per
1042 1628 1223 1714 scripturae
1244 1651 1299 1698 var

178 1731 330 1796 rietatem
361 1731 551 1795 lacunarum
584 1730 817 1816 supplementis
851 1738 883 1795 et
915 1730 1179 1818 compendiorum
1209 1738 1299 1796 nota-

179 1854 317 1921 rumque
339 1832 509 1915 solutione,
532 1841 663 1897 servata
676 1831 775 1918 longa
796 1833 813 1897 Ι
834 1833 953 1913 littera,
976 1832 1135 1918 appositis
1151 1832 1299 1917 apicibus

179 1934 356 2020 unicuique
378 1933 497 2016 liceret,
521 1934 667 2020 exeeptis
689 1935 871 1999 litterarum
891 1935 1030 1999 nexibus
1054 1943 1087 1998 et
1107 1934 1157 2014 iis,
1179 1932 1298 2018 quibus

180 2035 312 2122 singula
326 2036 488 2102 vocabula
501 2037 536 2100 in
557 2036 774 2101 monumentis
798 2036 943 2121 separari
965 2035 1079 2116 solent,
1102 2035 1234 2120 punctis
1255 2033 1299 2097 ad

180 2140 382 2226 archetypon
403 2137 457 2204 vel
477 2139 580 2224 ipsius
596 2139 794 2202 monumenti
816 2137 870 2202 vel
884 2136 968 2218 libri,
992 2137 1047 2221 qui
1069 2133 1299 2222 suppeditavit,

179 2262 441 2329 unamquamque
470 2241 641 2304 restituere
668 2238 913 2326 inscriptionem
942 2246 987 2320 et,
1006 2239 1054 2302 si
1086 2237 1165 2324 quid
1191 2235 1298 2302 minus

179 2344 264 2409 bene
292 2343 480 2430 suppletum
508 2335 730 2407 correctumve
758 2341 897 2422 iudicat,
932 2362 991 2405 suo
1024 2339 1156 2426 ingenio
1182 2338 1298 2403 melius

180 2443 334 2531 supplere
357 2454 390 2510 et
411 2445 583 2526 corrigere.
628 2445 802 2509 Praeterea
831 2441 975 2528 singulos
998 2441 1110 2506 titulos
1133 2440 1301 2527 praecedit
1406 2465 1409 2471 ·

179 2545 338 2611 indicatio
360 2545 439 2629 loci,
462 2546 520 2616 ubi
544 2546 586 2611 sit
606 2546 754 2632 repertus
776 2545 875 2618 ubive
903 2567 988 2610 nunc
1010 2551 1228 2624 conservetur,
1252 2564 1299 2606 se-

179 2648 292 2736 quitur
320 2649 429 2713 brevis
458 2647 623 2713 adnotatio
656 2656 723 2711 tam
757 2648 870 2712 critica
896 2669 995 2734 quam
1021 2653 1239 2711 commentans
1267 2653 1300 2709 et

72 2830 75 2834 ¹
179 2752 325 2816 breviter
347 2748 516 2836 explicans
539 2771 592 2830 ea,
616 2770 699 2836 quae
721 2749 841 2814 nonin
863 2749 969 2834 priore
991 2747 1087 2812 huius
1110 2746 1185 2811 libri
1206 2752 1300 2831 parte

180 2873 275 2917 suam
301 2850 422 2917 habent
449 2850 708 2936 explicationem.
753 2850 828 2930 Qua
855 2850 979 2914 ratione
1007 2850 1086 2912 artis
1115 2844 1299 2932 epigraphi·

179 2975 241 3019 cae
262 2953 351 3036 leges
373 2952 563 3018 conciliasse
590 2953 685 3017 nobis
716 2951 865 3017 videmur
892 2971 966 3014 cum
988 2948 1154 3014 commodo
1177 2968 1297 3028 eorum,

180 3056 239 3142 qui
259 3055 321 3120 hoc
342 3055 426 3120 libro
450 3066 525 3120 sunt
546 3054 647 3119 usuri.
673 3091 708 3100 -
734 3053 868 3138 Spurias
890 3051 1134 3135 inscriptiones,
1160 3047 1299 3134 quaein

178 3157 244 3222 bac
264 3178 394 3243 quoque
416 3157 594 3242 provincia,
617 3175 813 3242 quamquam
835 3174 900 3218 non
914 3151 1163 3238 frequentiores,
1186 3156 1299 3213 extant

180 3265 216 3322 et
236 3258 333 3323 Marii
354 3257 496 3344 Iuliique
519 3257 669 3322 Caesaris
696 3257 887 3342 praesertim
916 3255 1047 3318 nomina
1068 3252 1207 3316 tendunt
1227 3248 1299 3329 illu·

181 3367 301 3441 strare,
333 3360 514 3440 omisimus,
542 3359 627 3423 hanc
653 3358 757 3423 critici
780 3355 881 3422 officii
902 3363 1028 3439 partem
1051 3377 1070 3418 a
1090 3363 1202 3420 nostro
1224 3373 1298 3418 con-

181 3461 257 3526 silio
279 3461 419 3526 alienam
439 3462 632 3526 iudicantes.

268 3562 424 3628 Ordinem
445 3562 643 3648 generalem,
672 3568 709 3625 ut
729 3568 847 3624 natura
867 3558 946 3640 fert,
978 3560 1080 3624 secuti
1107 3556 1299 3644 geographi·

180 3685 258 3728 cum
284 3664 406 3750 oppida
432 3662 548 3730 eodem
568 3662 663 3727 modo
692 3662 910 3746 disposuimus
937 3668 1034 3747 atque
1055 3661 1090 3726 in
1109 3657 1299 3747 principalis

178 3763 260 3830 libri
286 3765 503 3852 descriptione
525 3765 759 3830 territoriorum
788 3761 835 3848 (Ι.
857 3785 889 3849 p·
913 3771 973 3831 122
997 3762 1106 3849 sqq),
1138 3761 1299 3827 adiunctis

179 3865 300 3952 cuique
329 3868 449 3954 oppido
477 3867 581 3933 titulis
614 3867 756 3930 locorum
784 3865 1051 3930 contributorum.
1097 3862 1299 3949 Oppidorum

178 3967 411 4052 inscriptiones
434 3977 614 4057 sequuntur
635 3967 760 4052 lapides
777 3966 908 4030 miliarii
929 3986 988 4050 per
1009 3965 1080 4030 vias
1104 3962 1244 4028 ordinati
1267 3969 1300 4025 ot

180 4070 352 4155 catalogus
374 4073 624 4156 magistratuum
645 4067 859 4154 publicorum,
884 4067 939 4152 qui
961 4074 1035 4151 post
1056 4067 1242 4148 Augustum
1263 4062 1299 4158 in

178 4171 353 4258 provincia
373 4173 516 4236 fuerunt.
559 4170 599 4236 In
622 4169 759 4254 singulis
781 4167 898 4233 deinde
920 4165 1045 4253 oppidis
1066 4167 1094 4230 is
1117 4162 1300 4248 inscriptio-

178 4295 261 4339 num
283 4281 333 4337 est
355 4273 444 4352 ordo,
466 4283 503 4338 ut
523 4271 725 4358 praepositos
741 4269 873 4355 reliquis
888 4269 1099 4353 imperatores
1123 4272 1300 4350 sequantur

178 4374 394 4460 magistratus
420 4373 558 4461 publici,
592 4373 737 4438 universi
759 4369 902 4458 corporis
934 4367 1138 4457 municipalis
1171 4387 1298 4450 nomen,
