3154 5162
274 409 279 420 ’
361 437 421 502 158
722 393 828 494 'rans
850 437 881 494 n.
925 435 1031 494 carvr
1052 437 1084 494 u.

360 621 394 664 ea
416 603 532 684 oppida,
556 621 633 682 quae
655 605 790 682 proxime
813 603 849 664 ad
871 602 928 664 boc
949 606 997 664 ius
1019 602 1199 665 accedebant
1220 604 1281 664 sive
1304 601 1413 681 oppida
1435 604 1472 662 ci·

358 707 438 766 vium
460 705 663 766 Romanorum
685 707 759 766 iuris
781 705 888 775 Italici,
918 705 996 784 quod
1024 707 1072 766 ius
1099 707 1165 786 ipso
1187 705 1308 766 nomine
1329 703 1474 764 indicatur

358 809 388 868 in
412 825 447 870 eo
470 825 535 868 esse
550 809 690 887 positum,
715 815 746 869 ut
768 806 835 868 talis
857 807 958 886 oppidi
980 809 1164 868 territorium
1187 825 1224 868 ex
1239 808 1391 868 communi
1406 824 1473 886 pro·

359 908 526 970 vincialium
549 916 630 970 sorte
654 917 824 988 exemptum
846 909 951 970 iisdem
973 909 1137 972 commodis
1152 910 1304 970 frueretur
1319 915 1409 988 atque
1424 927 1473 988 op·

358 1011 426 1091 pida
448 1013 479 1072 in
502 1009 566 1072 solo
590 1011 691 1072 Italico
715 1013 824 1090 posita,
854 1029 926 1088 ergo
948 1009 1077 1072 liberum
1107 1019 1187 1072 esset
1208 1010 1367 1080 oneribus,
1402 1028 1474 1088 quae

358 1110 422 1174 solo
450 1113 626 1192 provinciali
653 1111 857 1174 inhaerebant.
903 1112 989 1185 Quod
1016 1130 1111 1191 genus
1133 1114 1256 1192 Augusti
1283 1112 1406 1190 quidem
1428 1130 1474 1173 ae-

358 1221 418 1276 tate
441 1215 471 1274 in
494 1216 645 1293 provincia
667 1214 854 1276 Narbonensi
876 1214 983 1284 deluit,
1012 1222 1115 1294 postea
1144 1223 1242 1278 autern
1271 1213 1330 1275 buc
1351 1213 1474 1275 transla·
1524 1252 1526 1256 .

358 1323 421 1378 turn
446 1322 491 1376 est
512 1315 639 1394 ideoque
661 1317 740 1378 inira
763 1319 832 1387 erit,
857 1317 937 1395 quod
953 1317 990 1378 de
1006 1336 1042 1379 ec
1058 1318 1249 1378 disseramus.
1260 1312 1293 1393 ¹⁶)
1339 1314 1474 1376 Secundo

357 1418 424 1479 loco
447 1426 532 1479 erant
553 1417 703 1497 simplices
726 1419 859 1480 coloniae
882 1422 989 1482 civium
1010 1420 1226 1488 Romanorum,
1255 1435 1332 1498 quae
1361 1418 1475 1478 civitate

361 1520 482 1598 quidem
504 1520 635 1581 Romana
664 1528 695 1581 et
721 1522 794 1582 iuris
817 1523 975 1594 Quiritium
1004 1521 1167 1583 commodis
1194 1522 1316 1600 privatis
1343 1521 1406 1580 sive
1428 1537 1473 1580 co·
1560 1555 1561 1592 3

359 1622 450 1684 nubio
479 1630 509 1684 et
536 1623 716 1684 commercio
741 1624 916 1694 utebantur,
947 1631 976 1686 at
1002 1626 1060 1686 nisi
1083 1630 1134 1684 aut
1159 1625 1297 1685 universa
1325 1622 1475 1702 provincia
1560 1641 1561 1700 j

359 1724 487 1786 admissa
510 1732 574 1785 erat
596 1724 631 1785 ad
654 1726 703 1786 ius
725 1725 873 1788 honorum
900 1729 931 1788 iu
960 1725 1035 1787 urbe
1058 1713 1316 1806 adipiscendorum
1339 1730 1393 1785 aut
1414 1725 1474 1802 ipsa
1560 1747 1561 1796 3

358 1825 505 1906 privilegii
526 1828 642 1887 ratione
677 1827 707 1888 id
732 1827 1009 1908 acceperarrt‚tboo
1036 1829 1103 1888 iure
1131 1826 1281 1888 carebant
1326 1824 1475 1887 Oneribus
1560 1827 1561 1846 ¹

359 1935 458 1990 autem
481 1928 602 1990 obnoxii
626 1935 711 1991 eraut
735 1931 881 1990 eiusmodi
904 1928 1000 1992 coloni
1023 1936 1084 1990 tam
1104 1931 1151 1999 iis,
1175 1947 1251 2007 quae
1274 1927 1415 1989 omnibus
1437 1929 1473 1988 ci-

358 2031 444 2092 vibus
473 2031 614 2093 Romanis
646 2033 814 2092 communia
844 2039 942 2100 erant,
977 2031 1171 2109 vectigalibus
1200 2038 1229 2092 et
1255 2029 1415 2109 stipendiis
1446 2031 1474 2088 in

357 2131 527 2214 legionibus
550 2132 716 2203 merendis,
740 2151 829 2213 quam
850 2135 902 2204 iis,
927 2151 1002 2211 quae
1026 2133 1089 2193 solo
1103 2133 1278 2213 provinciali
1300 2139 1389 2193 erant
1409 2149 1474 2212 pro·

357 2238 432 2315 pria,
455 2235 575 2296 tributis
603 2233 659 2294 soli
686 2241 716 2294 et
744 2237 858 2315 capitis
904 2234 948 2295 Ab
976 2234 1023 2296 bis
1051 2235 1174 2297 coloniis
1197 2237 1305 2296 civium
1327 2235 1473 2296 Romano·

358 2356 426 2399 num
448 2335 563 2416 reliqua
585 2353 695 2414 genera
719 2339 850 2417 exceptis
879 2336 1080 2418 stipendiariis
1107 2340 1147 2398 ita
1177 2343 1263 2398 erant
1285 2337 1418 2406 diversa,
1445 2341 1475 2395 ut

359 2457 427 2500 cum
449 2438 518 2498 illae
542 2437 646 2498 eodem
667 2440 731 2500 lere
754 2440 841 2501 modo
863 2446 964 2519 partes
986 2441 1104 2519 imperii
1119 2439 1245 2500 Romani
1268 2446 1369 2500 essent
1392 2448 1475 2516 atque

358 2539 445 2600 bodie
469 2541 614 2618 cuiusque
636 2541 723 2618 regni
747 2542 854 2621 oppida
882 2550 982 2621 partes
1010 2549 1080 2602 sunt
1107 2542 1274 2603 communis
1302 2542 1370 2602 eius
1393 2540 1473 2617 regni

358 2641 557 2722 reipublicae,
586 2641 660 2703 baec
690 2645 751 2704 sive
774 2644 891 2705 fictione
915 2646 976 2704 sive
1004 2662 1108 2705 revera
1130 2642 1196 2704 loco
1220 2649 1320 2704 essent
1340 2641 1475 2704 foedera·

357 2752 473 2815 torum,
505 2763 541 2804 co
562 2744 642 2804 inter
664 2763 696 2806 se
719 2744 905 2816 discrimine,
935 2754 968 2807 ut
997 2746 1131 2807 coloniae
1154 2745 1275 2806 Latinae
1302 2745 1475 2823 proximea

358 2846 508 2908 communi
530 2845 733 2907 Romanorum
755 2845 909 2926 republica
932 2846 1087 2917 abessent,
1111 2847 1180 2911 dein
1202 2854 1406 2924 sequerentur
1428 2861 1475 2904 eae

358 2948 507 3018 civitateS,
542 2964 620 3025 quae
649 2946 771 3028 speciali
800 2967 890 3011 sensu
918 2948 1088 3010 foederatae
1117 2949 1307 3018 dicebantur,
1342 2955 1475 3008 extremo

357 3049 423 3112 loco
452 3057 551 3110 essent
576 3052 709 3112 civitates
737 3050 850 3112 liberae
879 3058 908 3112 et
935 3053 1094 3112 immunes
1141 3052 1177 3112 Et
1203 3050 1334 3111 colonias
1359 3048 1476 3130 quidem

357 3152 478 3212 Latinas
500 3169 555 3230 pro
577 3151 738 3214 foederatis
760 3171 826 3213 esse
849 3151 964 3212 habitas
987 3153 1097 3214 diserte
1120 3153 1191 3213 dicit
1206 3152 1311 3214 Cicero
1321 3148 1377 3230 17);
1402 3148 1475 3230 quod

359 3261 456 3314 autem
480 3251 632 3313 Ciceronis
654 3261 748 3315 aetate
771 3255 869 3315 iuerat
890 3255 937 3314 ius
958 3253 1131 3316 Latinorum
1153 3254 1388 3316 coloniariorum
1409 3255 1428 3313 i.
1451 3271 1475 3310 e.

358 3355 406 3414 ius
428 3353 586 3414 duodecim
610 3355 792 3417 coloniarum
815 3358 876 3417 sive
898 3357 945 3416 ius
967 3357 1101 3426 Arimini,
1125 3366 1158 3417 ut
1177 3355 1257 3436 quod
1273 3354 1379 3416 datum
1402 3359 1476 3415 esset

358 3456 473 3533 primae
496 3455 629 3518 coloniae
651 3455 772 3518 Latinae
794 3458 927 3518 Arimino
951 3476 1028 3518 anno
1050 3477 1075 3519 a.
1094 3456 1145 3520 Ch.
1163 3454 1278 3536 26818),
1302 3455 1334 3518 id
1357 3458 1405 3518 ius
1424 3457 1474 3515 im·

427 3627 469 3689 16)
490 3626 709 3677 commemorant
727 3628 769 3677 ius
788 3626 915 3677 Italicum
933 3626 1006 3680 Plin.
1024 3627 1088 3679 hist.
1106 3634 1163 3677 nat.
1182 3630 1213 3692 3,
1231 3628 1256 3675 4.
1280 3626 1312 3678 L.
1333 3629 1359 3679 1.
1378 3628 1403 3680 6.
1422 3628 1445 3678 i.
1461 3625 1475 3671 8

358 3708 422 3776 Dig.
441 3710 474 3760 de
493 3710 622 3760 censibus
642 3709 764 3775 (oc,15);
783 3725 855 3770 unm,
875 3711 946 3776 quod
963 3712 1018 3760 Dio
1030 3713 1073 3773 48,
1088 3714 1118 3761 12
1137 3711 1263 3777 appellat
1280 3703 1332 3762 τὸν
1350 3699 1476 3776 τῆςἸτα-
1523 3742 1527 3757 r

358 3794 422 3853 λίας
440 3786 529 3859 νόμον
551 3795 624 3845 idem
647 3796 684 3844 sit
708 3798 791 3858 atque
814 3797 858 3846 ius
876 3795 1020 3857 Italicum,
1044 3796 1155 3847 dubium
1180 3800 1230 3846 eet.
1267 3795 1345 3856 Quas
1370 3795 1405 3846 de
1428 3795 1475 3844 boe

358 3880 416 3934 inre
440 3879 534 3928 varias
557 3880 700 3945 opiniones
725 3880 929 3930 enuntiaverint
956 3881 1009 3930 viri
1038 3881 1127 3944 docti,
1155 3881 1297 3931 succincte
1323 3880 1475 3946 expositum

357 3961 444 4013 habes
464 3979 480 4012 a
498 3963 632 4024 Waltero,
653 3963 752 4014 Gesch.
772 3964 821 4014 des
839 3980 924 4015 roem.
943 3963 1043 4014 Rechts
1063 3968 1085 4024 1,
1104 3967 1127 4026 ἕ.
1146 3966 1195 4015 319
1209 3979 1248 4030 sq.
1286 3965 1352 4030 Ipse
1372 3964 1476 4016 Walter

359 4063 446 4112 aeque
466 4063 500 4098 ao
518 4046 640 4113 Savigny
658 4047 768 4109 (Room.
786 4049 818 4100 R.
842 4051 878 4098 im
896 4048 1060 4099 Mittelalter
1079 4050 1139 4110 l'b'·
1159 4049 1206 4114 18)
1232 4049 1266 4100 nd
1288 4049 1394 4100 Iulium
1411 4049 1475 4099 an-

358 4147 448 4182 earem
467 4132 554 4183 refert
571 4132 623 4182 hoc
641 4133 805 4198 institutum,
827 4133 875 4183 alii
894 4133 929 4182 ad
948 4133 1108 4198 Augustum.

427 4216 469 4282 17)
489 4217 548 4271 cie.
567 4233 616 4283 pro
627 4216 716 4268 Balbo
733 4220 774 4280 24,
789 4220 830 4268 ol.
861 4218 911 4268 cfr.
925 4218 1083 4282 Mommsen,
1104 4218 1205 4272 Geseh.
1217 4218 1266 4269 dea
1282 4234 1372 4273 roem.
1386 4219 1475 4270 Miinn·

357 4317 461 4352 cresens
479 4319 505 4374 p.
523 4305 581 4354 310.

427 4385 470 4450 18)
496 4385 554 4437 Cic.
572 4401 622 4450 pro
640 4385 724 4436 (iaec.
743 4387 791 4451 35,
810 4390 872 4438 102:
890 4389 959 4438 iubet
977 4387 1068 4453 (Sulla
1086 4387 1295 4451 Volaterranos)
1314 4391 1408 4440 ecdem
1424 4391 1475 4440 iure
