3148 5160
523 452 608 509 Plus
629 453 658 510 ll.
703 453 808 510 CAPVT
831 457 860 512 ll.
1181 458 1240 521 231

10 697 12 708 ‚
124 625 254 684 lruetum
283 621 381 683 balnei
411 623 573 699 gratuitum
601 622 837 702 iisrestituens.
888 622 963 682 Huic
997 623 1075 682 enirn
1108 642 1242 684 caussam

10 719 11 772 ἒ
74 794 80 800 ‚
123 743 307 805 paganorum
336 723 414 804 apud
443 724 608 803 principem
638 729 666 783 et
693 724 845 802 praesides
873 726 1042 803 provinciae
1071 725 1240 786 defendenti

10 821 12 874 ἶ
88 878 90 883 .
123 845 190 887 enm
217 828 324 906 pagani
352 825 544 894 obtulissent,
574 832 607 885 ut
634 825 783 905 impendia
812 826 993 887 defensionis
1021 829 1078 906 ipsi
1106 829 1240 906 suscipe-

121 936 204 999 rent,
235 947 292 1008 qua
322 930 436 989 ratione
465 945 574 988 munus
595 926 669 987 ,illud
691 928 848 1006 personale
872 935 984 989 tanturn
1009 937 1101 998 esset,
1125 930 1241 989 remisit
1336 917 1338 922 ’

121 1031 171 1091 ille
193 1031 344 1110 impendia
367 1031 494 1108 ideoque
517 1031 640 1089 mixtum
664 1048 773 1090 munus
795 1037 936 1106 gesserat.

205 1153 242 1212 tt
271 1149 391 1209 eaedem
418 1151 628 1229 inscriptiones
657 1155 774 1210 nostrae
803 1151 935 1228 quamvis
957 1168 1069 1228 paneae
1092 1169 1238 1210 memera-

119 1252 196 1313 biles
218 1260 318 1313 tamen
341 1259 410 1312 sunt
432 1253 519 1312 etiam
543 1251 657 1311 ratione
680 1253 798 1329 generis
820 1251 982 1321 hominum,
1007 1255 1058 1331 qui
1080 1253 1153 1312 haec
1174 1273 1237 1312 mu-

117 1373 193 1414 nera
221 1360 425 1433 susceperunt.
472 1354 528 1425 Oui
558 1353 722 1413 Deensibus
749 1372 857 1424 munus
884 1353 1038 1433 publicum
1067 1356 1180 1414 curavit
1202 1354 1236 1425 Q.

119 1457 295 1518 Caetronius
318 1457 352 1528 Q.
377 1456 395 1515 l.
423 1456 547 1515 Voltinia
569 1454 705 1524 Titullus,
729 1455 859 1516 honores
882 1456 1002 1535 quidem
1024 1463 1158 1534 gesserat
1172 1457 1237 1516 Ari-

118 1560 203 1626 mini,
227 1557 308 1618 tribu
330 1564 430 1618 autem
452 1558 586 1634 arguitur
610 1575 675 1616 esse
700 1559 874 1626 Voeontius,
904 1559 955 1636 qui
977 1559 1110 1618 Arimino
1132 1559 1162 1616 in
1184 1575 1236 1634 pa·

118 1662 208 1720 triam
231 1677 315 1720 suam
337 1659 467 1720 redierat
488 1660 590 1738 ibique
612 1660 782 1738 praelectus
797 1662 967 1720 nominatus
991 1665 1054 1719 erat
1075 1661 1143 1738 pagi
1158 1659 1235 1737 Epe-

117 1763 160 1821 tii.
206 1761 278 1820 Erat
299 1762 390 1838 igitur
418 1763 458 1829 is,
487 1767 643 1840 postquam
670 1761 773 1829 rediit,
804 1761 893 1821 homo
920 1763 1050 1840 privatus
1079 1768 1108 1822 et
1136 1761 1236 1821 nescio

118 1883 175 1943 qua
192 1880 296 1924 caussa
317 1864 349 1921 in
372 1864 468 1941 patria
490 1882 542 1923 sua
565 1881 662 1941 neque
684 1862 814 1923 bonores
837 1862 1003 1924 ordinarios
1026 1864 1117 1940 gessit
1139 1880 1236 1940 neque

8 1951 10 1996 ἶ
43 2029 46 2036 ⁴
117 1966 241 2025 decurio
265 1964 381 2024 videtur
403 1965 508 2032 inisse;
534 1963 715 2043 suscipiebat
738 1971 835 2024 autern
851 1982 974 2023 munera
992 1963 1233 2047 extraordinaria,

117 2065 214 2146 qualia
239 2072 323 2126 erant
344 2066 530 2144 praefectura
559 2068 589 2126 in
619 2072 736 2144 tempus
758 2066 893 2126 mandata
921 2072 949 2126 et
977 2084 1047 2125 cura
1069 2065 1140 2124 ludi.
1186 2063 1233 2124 Al-

115 2177 215 2230 terum
237 2167 345 2228 deinde
368 2166 536 2247 exemplum
559 2174 605 2228 est
626 2167 658 2228 C.
683 2169 793 2227 Veratii
815 2167 983 2247 Tropbimi,
1007 2168 1077 2227 item
1102 2166 1234 2234 licensis,

117 2271 207 2331 seviri
228 2268 397 2347 Augustalis
421 2269 513 2350 (194).
559 2271 612 2330 Est
633 2269 801 2346 igitur-boe
824 2285 943 2352 quoque
966 2287 1075 2329 munus
1099 2273 1233 2328 extraor-

116 2372 265 2432 dinarium
288 2371 458 2432 mandatum
481 2373 508 2430 ei
530 2370 656 2439 homini,
687 2373 738 2450 qni
766 2389 834 2431 cum
861 2372 906 2431 rei
935 2369 1085 2431 familiaris
1114 2369 1234 2448 quidem

116 2475 232 2535 ratione
253 2491 307 2550 par
331 2480 409 2533 esset
428 2475 513 2533 oneri
530 2473 719 2542 sustinendo,
744 2479 839 2534 status
857 2481 955 2534 autem
971 2473 1085 2532 ratione
1103 2470 1234 2532 honores

116 2594 177 2635 non
199 2581 327 2652 gereret,
351 2573 461 2651 aliquid
484 2575 603 2634 tandem
627 2577 788 2654 municipio
811 2575 935 2636 deberet
958 2583 1119 2653 praestare.

201 2693 263 2753 lam
292 2711 362 2752 vere
398 2693 599 2754 voluntariane
629 2701 714 2754 erant
740 2693 813 2755 baec
845 2712 970 2754 munera
1004 2712 1040 2752 an
1074 2693 1233 2771 imposita?

115 2796 202 2856 lnitio
232 2793 351 2871 quidem
380 2813 522 2854 novorum
551 2796 753 2854 institutorum
784 2794 1005 2872 municipalium
1034 2795 1098 2854 lieri
1126 2794 1231 2872 potuit,

115 2903 148 2956 ut
171 2894 406 2957 extraordinaria
429 2915 553 2956 munera
575 2896 686 2956 liberae
709 2897 890 2974 municipum
914 2895 1057 2955 voluntati
1079 2895 1231 2972 permitte·

115 3005 230 3068 rentur,
255 3004 343 3077 atque
365 3017 453 3076 quem
477 2999 602 3076 quisque
624 3000 653 3057 in
675 3004 811 3076 suscepto
827 3014 951 3058 munere
971 2995 1130 3055 observare
1146 2993 1233 3053 vellet

114 3099 300 3161 liberalitatis
323 3099 452 3168 modum,
477 3116 627 3178 nunquam
651 3099 729 3160 haud
751 3098 840 3158 dubie
856 3103 993 3158 accurate
1014 3101 1131 3174 poterat
1146 3114 1230 3174 prae-

115 3201 222 3268 seribi;
252 3206 282 3261 at
303 3199 420 3279 Ulpiani
441 3202 545 3277 utique
567 3208 664 3262 aetate
687 3219 844 3260 munerum
867 3198 1035 3259 distributio
1060 3205 1123 3258 erat
1144 3216 1229 3276 prae·

115 3305 242 3381 scripta,
267 3320 395 3380 namque
410 3300 536 3379 legimus
552 3303 629 3381 apud
645 3303 724 3363 bunc
746 3303 821 3362 iuris
844 3308 1004 3380 auctorem,
1028 3300 1142 3359 iussum
1166 3317 1231 3359 esse

113 3403 284 3483 praesidem
306 3405 489 3482 provinciae,
519 3404 689 3481 providere,
719 3411 751 3464 ut
772 3422 897 3464 munera
920 3410 949 3463 ct
971 3401 1101 3461 honores
1123 3420 1230 3480 aequa·

113 3505 182 3566 liter
210 3506 439 3582 iniungerentur
467 3506 631 3566 seeundum
659 3513 769 3566 aetates
796 3511 825 3564 et
857 3504 1015 3581 dignitates
1043 3509 1095 3563 aut
1122 3502 1231 3581 gradus

114 3624 274 3668 munerum
302 3595 510 3686 bonorumque
544 3609 593 3686 qui
626 3608 789 3684 antiquitus
821 3607 923 3665 statuti
956 3612 1069 3672 essent,
1100 3622 1138 3663 ne
1166 3606 1231 3664 sine

114 3709 287 3769 discrimine
310 3712 339 3767 et
361 3708 534 3785 frequenter
562 3707 667 3768 iisdem
691 3709 843 3786 oppressis
865 3707 953 3767 simul
975 3707 1046 3766 viris
1069 3714 1099 3765 et
1120 3705 1247 3766 viribus
1298 3741 1299 3744 =

113 3807 302 3888 respublicae
330 3808 573 3869 destituerentur.
584 3805 631 3886 173)
682 3809 764 3869 Sicut
793 3810 870 3868 enim
899 3809 1024 3869 llorente
1053 3810 1229 3887 municipio-

113 3930 178 3971 rum
204 3915 282 3970 statu
305 3909 514 3970 decurionatus
537 3917 566 3970 et
586 3909 695 3987 reliqui
717 3906 846 3970 bonores
869 3908 946 3970 ultro
967 3909 1161 3989 petebantur,
1190 3911 1230 3968 ita

113 4013 197 4072 initio
220 4011 282 4070 sire
305 4010 502 4089 petendorum
526 4011 673 4072 bonorum
696 4030 798 4072 caussa
821 4014 881 4070 sive
904 4012 941 4071 ad
964 4011 1134 4071 merendam
1156 4010 1228 4069 libe-

114 4112 238 4172 ralitatis
262 4110 378 4171 laudern
402 4131 462 4172 nen
485 4112 608 4173 deerant
629 4113 707 4172 inter
730 4112 952 4191 locupletiores,
983 4114 1034 4191 qui
1062 4111 1140 4171 ultro
1162 4129 1227 4170 mu-

114 4281 396 4290 -—-—--——-—-....-..

180 4399 241 4463 173)
261 4401 293 4451 L.
312 4403 327 4451 3
346 4401 368 4461 ς.
389 4401 421 4450 15
439 4400 501 4466 Dig.
520 4401 554 4449 de
572 4413 675 4450 muner.
695 4403 722 4451 et
739 4398 834 4449 bonor.
