3184 5162
634 473 834 547 rnooauivu.
1254 499 1292 560 17

168 664 276 735 portus
300 655 407 732 aliquis
431 662 460 715 et
481 663 562 716 terra
578 655 691 716 colonis
709 655 816 717 idonea
838 664 910 728 erat,
933 659 976 719 ihi
997 659 1219 722 constituebant
1233 669 1291 722 sta·

168 759 283 818 tionem
307 765 337 818 et
363 759 479 817 vineam
508 757 664 835 oleamque
693 759 841 819 serebant.
851 757 887 836 ⁵⁸)
932 763 1029 837 Atque
1058 779 1147 839 quam
1175 772 1292 822 mature

169 861 286 919 vineam
301 861 333 919 in
352 858 432 919 illam
453 860 607 936 regionem
633 860 862 930 introduxerint,
886 860 957 921 inde
980 861 1175 931 concluseris,
1199 864 1288 941 quod,

168 967 308 1039 utsupra
326 960 467 1030 vidimus,
488 961 626 1022 Hecataei
639 963 697 1022 iam
717 970 812 1023 aetate
832 961 973 1041 oppidum
996 971 1060 1024 erat
1080 965 1109 1024 in
1134 983 1185 1024 ora
1202 965 1290 1043 Ligu·

168 1063 246 1122 stina
269 1064 390 1122 nornine
411 1055 588 1141 ’Ἀμπελος
618 1063 696 1140 quod
719 1063 954 1125 Massiliensibus
983 1072 1096 1126 tantum
1124 1074 1224 1144 potest
1246 1075 1288 1127 at·

167 1162 270 1225 tribui.
317 1163 394 1224 Sunt
415 1171 514 1224 autem
539 1164 685 1226 eiusmodi
708 1168 861 1236 stationes,
886 1173 918 1226 ut
940 1165 976 1227 ah
1000 1167 1153 1227 occidente
1167 1170 1289 1247 incipia-

168 1283 246 1333 mus,
277 1273 384 1343 portus
405 1265 542 1327 Herculis
564 1267 714 1336 Monoeci,
743 1267 866 1337 Nicaea,
894 1268 1057 1346 Antipolis,
1086 1269 1289 1349 Athenopolis,

167 1365 270 1435 Olbia,
294 1367 454 1438 TauroeiS,
478 1367 644 1438 Citharista,
668 1371 795 1430 tortasse
819 1371 906 1429 etiam
928 1377 1034 1448 portus
1056 1370 1196 1431 lleraclea
1219 1371 1290 1432 Cac-

166 1466 288 1528 cabaria
315 1467 513 1550 Porharia.⁶⁹)
558 1473 581 1532 A
604 1471 708 1531 dextra
736 1471 843 1531 deinde
871 1469 1007 1531 Rhodani
1031 1470 1071 1531 ad
1099 1473 1162 1550 ipsa
1192 1472 1288 1532 llumi·

165 1571 215 1630 nis
243 1572 319 1630 ostia
346 1571 432 1632 sitam
465 1573 559 1632 luisse
586 1556 808 1633 Rhodanusiam
838 1590 946 1633 nornen
976 1572 1098 1640 indicat:
1134 1580 1289 1651 practerea

166 1671 293 1732 veroin
321 1670 377 1733 hac
404 1682 489 1752 parte
518 1673 652 1733 locorum
681 1681 787 1734 natura
808 1673 937 1742 lerehat,
969 1681 1001 1734 ut
1029 1675 1160 1736 rariores
1189 1683 1289 1736 essent

165 1774 321 1834 stationes.
367 1773 471 1853 Neque
501 1776 580 1835 enim
602 1783 718 1836 tantum
747 1775 829 1835 littus
857 1793 912 1854 per
935 1774 1014 1836 hunc
1038 1783 1164 1837 tractum
1188 1778 1289 1838 sterile

165 1882 214 1936 est
237 1881 266 1934 et
288 1875 452 1936 condendis
480 1877 597 1956 oppidis
629 1895 734 1956 parum
758 1875 961 1946 commodum,
993 1877 1045 1937 sed
1075 1880 1161 1938 etiam
1184 1889 1290 1957 portus

164 1977 228 2038 rari
251 1983 322 2036 sunt
343 1984 432 2054 atque
448 1977 548 2038 Narho
577 1985 605 2038 et
628 1978 777 2040 Celtarum
806 1985 835 2038 et
858 1978 1041 2038 Graecorum
1069 1979 1099 2038 in
1127 1978 1182 2038 hac
1204 1989 1289 2058 parte

164 2080 349 2139 commercio
377 2097 472 2157 prope
507 2079 588 2139 solus
624 2079 798 2140 sufficiehat.
852 2078 953 2155 ltaque
986 2087 1106 2158 praeter
1133 2080 1289 2159 Emporias

163 2199 256 2242 unam
280 2187 394 2241 tantum
409 2180 637 2242 Massiliensium
661 2180 805 2241 coloniam
829 2179 871 2240 ibi
892 2181 1069 2250 invenimus,
1091 2179 1288 2260 Agatharntl),

162 2329 473 2345 fi*-

163 2434 269 2493 σαλίοις
288 2425 460 2501 ἀρξαμένοις
477 2428 511 2484 αί
533 2427 693 2499 Στοιχάδες
716 2433 812 2500 νῆσοι,
836 2437 912 2497 τρεῖς
931 2428 984 2499 μέν
1001 2425 1160 2500 ἆξιόλοχοι,
1183 2428 1237 2487 δόο
1256 2430 1288 2487 δέ

162 2519 280 2584 μικραί·
304 2517 458 2584 γεωργοῦσι
483 2507 623 2575 δἀότᾶς
641 2517 861 2569 Μασσαλιῶται·
886 2511 917 2569 τό
941 2512 974 2569 δέ
992 2511 1117 2570 παλαιόν
1134 2517 1184 2570 καλ
1203 2536 1291 2585 φρον-

163 2599 220 2666 ρὰν
240 2597 321 2670 εἶχον
339 2597 498 2669 ἱδρυμένην
516 2594 621 2654 αότόδι
640 2597 710 2667 πρὸς
730 2595 780 2662 τὰς
803 2602 859 2653 τῶν
875 2603 1033 2669 λῃστηρίων
1055 2593 1181 2667 έφόδονς
1205 2598 1288 2656 erino-

162 2685 282 2751 (ιοῦντες
301 2686 350 2740 καλ
369 2683 501 2752 λιμένων·
521 2679 592 2753 μετὰ
611 2681 644 2737 δέ
662 2681 714 2746 τὰς
731 2682 895 2753 Στοιχάδας
914 2677 931 2753 ἡ
951 2686 1104 2740 Πλανασία
1121 2687 1170 2740 καὶ
1187 2681 1289 2755 Λήρων

163 2767 263 2837 ἔχοντι
282 2772 442 2832 κατοικίας.
473 2773 523 2824 cfr.
543 2772 614 2822 Plin.
633 2773 699 2822 hist.
717 2777 774 2822 nat.
794 2775 825 2836 3,
845 2774 885 2824 11.

234 2873 280 2937 58)
300 2873 398 2924 Strabo
416 2877 441 2937 4,
462 2876 524 2925 179:
544 2865 638 2940 χῶραν
650 2864 679 2923 δ’
694 2867 807 2939 ἔχουσιν
825 2864 998 2938 ἐλαιόφυτον
1010 2867 1064 2938 μέν
1074 2871 1125 2926 καὶ
1143 2866 1288 2940 κατόμτιε-

162 2959 223 3020 λον,
243 2958 311 3024 σίτῳ
329 2953 362 3010 δέ
380 2953 557 3023 λνττροτέραν
575 2949 625 3008 διὰ
642 2950 695 3024 τὴν
713 2949 882 3024 τραχύτητα.

234 3059 277 3121 59)
297 3059 452 3111 Citharista
471 3077 488 3109 a
506 3060 628 3110 Caesare
648 3060 755 3124 quidem
776 3058 851 3122 (bell.
871 3059 924 3110 civ.
939 3060 965 3122 2,
977 3057 1004 3120 4)
1024 3059 1125 3108 dieitur
1143 3059 1287 3109 castellum

162 3143 392 3206 Massiliensium,
414 3161 430 3194 a
454 3144 594 3210 Stephano
614 3149 705 3194 autem
723 3135 804 3202 πόλις
827 3134 949 3209 Κελτική
974 3141 1185 3209 Μασσαλιητῶν
1205 3131 1287 3196 ἄποι-

163 3243 230 3287 κος,
254 3244 271 3277 a
294 3228 387 3280 Plinio
411 3230 477 3281 hist.
501 3245 528 3278 n.
547 3233 576 3291 3,
596 3231 612 3279 5
636 3228 801 3292 simpliciter
823 3233 927 3292 portus.
968 3227 1072 3278 Eodem
1096 3228 1157 3278 loco
1180 3229 1287 3278 Plinius

161 3313 360 3378 Athenopolim
379 3317 586 3378 commemorat,
611 3328 693 3376 quarn
717 3315 783 3363 item
802 3317 929 3364 recenset
946 3313 1022 3363 Mela
1041 3315 1070 3375 2,
1090 3314 1115 3363 5.
1151 3313 1286 3377 Reliquas

163 3397 292 3447 colonias
320 3399 444 3447 nominat
462 3397 562 3449 Strabo
581 3398 628 3449 IV.
652 3413 678 3462 p.
698 3398 755 3448 184.
792 3398 891 3447 Portus
910 3396 1050 3448 Heraclea
1068 3397 1242 3448 Caccabaria
1261 3403 1288 3448 et

163 3499 199 3532 ex
218 3481 366 3533 Itinerario
384 3483 518 3534 Antonini
540 3483 679 3532 maritimo
702 3498 728 3547 p.
748 3485 797 3533 505
820 3486 901 3532 notus
925 3486 968 3532 est
990 3485 1032 3546 et,
1055 3486 1087 3530 ut
1107 3481 1229 3546 videtur,
1254 3499 1287 3532 ex

161 3567 266 3626 Plinio,
286 3567 334 3630 qui
351 3567 421 3617 dicit
438 3568 502 3619 hist,
520 3571 580 3617 nat.
599 3567 623 3628 3,
643 3569 673 3616 5:
691 3575 750 3616 sunt
767 3575 894 3624 auctores,
913 3573 938 3616 et
957 3566 1111 3616 Heracleam
1129 3567 1249 3630 oppidum
1261 3568 1287 3616 in

162 3653 232 3701 ostio
250 3651 368 3700 Rhodani
382 3652 473 3714 fuisse.
508 3653 578 3701 Num
597 3651 712 3701 eandem
731 3651 888 3716 Stephanus
908 3665 1015 3714 quoque
1034 3651 1074 3711 (s.
1093 3666 1119 3701 v.
1136 3642 1286 3714 Ἡράκλεια

163 3733 216 3799 τῆς
234 3733 391 3801 Κελτικῆς)
410 3740 616 3798 commemoret,
640 3740 671 3804 ut
695 3737 799 3785 conicit
816 3735 937 3797 Uokert,
961 3736 1062 3800 Geogr.
1085 3734 1110 3787 d.
1131 3734 1240 3784 Griech.
1259 3751 1285 3786 u.

163 3820 259 3868 Roem.
273 3821 298 3881 2,
311 3822 336 3881 2,
349 3821 409 3884 418,
422 3834 534 3885 prorsus
552 3819 688 3870 incertum
701 3824 753 3870 est.
789 3820 832 3869 Ex
851 3820 951 3883 quibus
969 3819 1039 3870 locis
1058 3834 1128 3883 quae
1147 3818 1228 3868 hodie
1246 3819 1287 3868 di·

164 3908 266 3953 cuntur
284 3904 404 3963 Menace,
423 3905 511 3964 Nizza,
530 3905 646 3962 Antibes,
669 3904 787 3963 Tarente,
806 3904 842 3954 ad
859 3905 932 3954 hrrnc
945 3919 1031 3968 usque
1044 3904 1116 3952 diem
1133 3917 1231 3953 nomen
1244 3918 1285 3952 re·

161 3989 321 4050 tinnerunt,
346 3989 467 4038 sortasse
486 3989 570 4042 etiarn
589 3988 673 4038 Olbia
697 3992 726 4037 et
744 3987 910 4052 Citharista,
935 3992 958 4037 si
981 3987 1090 4053 quidem
1112 4001 1177 4036 vere
1203 3984 1286 4034 collo·

163 4076 265 4122 cantur
288 4073 317 4122 in
340 4073 410 4124 locis
434 4071 574 4124 hodiernis
596 4072 699 4123 Eoudes
724 4077 753 4123 ct
777 4073 899 4123 Geireste.
934 4070 1128 4136 Athenopolim
1152 4073 1179 4118 et
1196 4069 1285 4119 Hera·

164 4157 255 4207 oleam
272 4157 359 4208 variis
377 4156 446 4206 locis
465 4161 602 4221 quaerunt
618 4158 691 4208 inter
709 4158 801 4221 sinus,
821 4157 868 4220 qui
886 4156 1015 4207 dicuntur
1030 4154 1100 4220 polfe
1118 4155 1150 4203 de
1169 4153 1286 4216 Nupoule

164 4245 194 4290 et
210 4241 280 4306 μολίτ
298 4243 331 4292 de
351 4242 479 4292 δικαστά.
511 4242 562 4292 cfr.
582 4242 688 4293 Uokert
705 4244 736 4303 2,
754 4245 784 4306 2,
803 4242 958 4293 427-429.

233 4343 281 4405 60)
306 4341 402 4408 Steph.
425 4343 507 4407 Byz.:
528 4335 634 4408 Ἀχολθη
657 4334 738 4400 πόλις
761 4333 874 4407 Λιχόαν
897 4327 915 4404 ἦ
939 4337 1061 4391 Κελτῶν.
1096 4333 1229 4406 Σκύμνος
1251 4333 1285 4390 δέ

163 4422 306 4479 Φωκαέων
323 4417 416 4492 αὐτήν
434 4440 523 4492 φησιν
541 4419 573 4478 έν
590 4425 625 4492 τῇ
642 4417 774 4492 Εόρῶπη.
809 4425 882 4474 ΡΙίο.
901 4424 927 4476 h.
941 4440 968 4474 n.
986 4427 1012 4488 3,
1025 4426 1055 4473 5:
1074 4426 1186 4491 Aquita,
1205 4443 1286 4492 quon-

215 4541 333 4594 herzog,
347 4539 431 4582 Galliae
443 4540 509 4584 Msrb.
522 4541 572 4582 hist.
1063 4514 1082 4574 2
