3148 5160
499 492 583 550 PARS
606 495 636 548 ll.
680 492 786 549 CAPV'l
809 493 839 549 ll.
1168 496 1229 558 187

21 641 23 700 7
123 660 164 720 nis
183 659 347 720 incertioris
371 658 409 737 (n.
428 660 515 739 469),
539 662 715 722 musicarius
730 660 761 720 L.
779 660 900 722 Avidius
916 617 1072 721 Secundus
1089 660 1126 739 (n.
1146 657 1228 739 231),

21 779 23 812 ῑ
124 760 288 824 architectus
311 760 466 841 Philippus
490 762 530 844 (n.
554 760 635 841 227).
681 761 848 823 Mercatura
876 762 983 824 deinde
1012 764 1131 823 tenuior
1159 781 1228 841 par·

123 864 168 924 tim
192 861 395 924 continebatur
422 865 496 942 ipsis
510 865 663 955 opificiis,
696 865 720 924 si
750 881 840 944 quern
873 881 943 924 vero
977 863 1229 943 deprehendimus

123 967 338 1042 negotiatorem,
369 967 445 1027 sicut
472 973 670 1028 mercatorem
694 964 766 1048 (67)
796 971 825 1026 et
847 966 1078 1028 nummularium
1103 965 1146 1046 (n.
1172 969 1227 1048 68)

121 1067 328 1138 Narbonenses,
352 1067 593 1130 vaenaliciarinm
615 1070 801 1147 graecarium
824 1069 1058 1130 Nemausensem
1082 1068 1120 1149 (n.
1145 1070 1227 1150 232),

121 1171 324 1248 negotiatorem
346 1168 475 1231 familiae
497 1170 688 1248 gladiatoriae
702 1170 905 1232 Arelatensem
931 1168 970 1250 (n.
988 1169 1059 1251 352)
1083 1173 1228 1234 vinarium

82 1340 85 1346 ,
121 1273 309 1334 Viennensem
333 1271 370 1350 (o.
395 1271 481 1352 538),
505 1271 605 1333 liberti
627 1279 704 1333 sunt.
750 1271 859 1333 Contra
882 1268 1049 1334 mercatura
1072 1291 1178 1352 magna
1201 1282 1230 1335 et

55 1369 57 1374 ’
121 1377 242 1454 copiosa,
267 1391 344 1451 quae
366 1392 405 1434 ne
427 1375 565 1452 ingenuis
589 1373 707 1452 quidem
731 1374 851 1451 indigna
880 1381 943 1435 erat
966 1382 995 1435 et
1018 1393 1107 1454 saepe
1128 1377 1228 1437 iuncta

96 1495 179 1545 ,cum
200 1477 390 1556 possessione
412 1493 567 1553 agrorum,
597 1491 733 1554 quaeque
762 1477 827 1537 sine
854 1477 944 1537 dubio
974 1483 1003 1537 et
1025 1477 1172 1538 Massiliae
1200 1483 1258 1549 et,

120 1577 247 1639 Narbone
271 1577 461 1657 a‘permnltis
485 1577 694 1647 exercebatur,
718 1579 749 1638 in
770 1578 1016 1658 inscriptionibus
1031 1597 1092 1640 non
1109 1587 1153 1640 est
1175 1579 1228 1640 ob·

119 1681 171 1750 via,
193 1698 291 1759 neque
314 1679 461 1741 eiusmodi
483 1681 699 1758 negotiatores,
729 1698 797 1740 curn
824 1697 930 1758 magna
958 1699 995 1741 ex
1021 1688 1107 1760 parte
1135 1684 1230 1742 exteri

119 1789 209 1843 essent
230 1790 260 1843 et
282 1782 474 1844 societatibus
496 1783 589 1843 iuncti
611 1800 667 1842 nec
696 1788 778 1843 certo
801 1783 950 1843 domicilio
973 1782 1106 1844 adstricti
1129 1790 1227 1864 atque,

117 1883 138 1942 si
151 1884 344 1960 provinciales
360 1891 458 1955 erant,
482 1885 578 1945 satiati
594 1889 719 1961 quaestu
735 1891 762 1944 et
780 1885 838 1962 ipsi
859 1886 890 1943 in
905 1901 991 1962 agros
1007 1887 1228 1964 possessiones·

21 2061 22 2064 Ἴ
117 2001 168 2062 que
179 2005 210 2046 se
222 1987 403 2056 conferrent,
419 1993 535 2048 certum
549 1984 609 2046 tale
624 2003 719 2064 genus
731 1982 886 2047 bominum
899 1986 1063 2047 effecerunt
1078 2005 1093 2047 a
1105 1986 1230 2066 reliquis

20 2093 21 2096 ’
115 2085 272 2158 diversum,
295 2089 353 2150 nisi
372 2089 449 2150 forte
471 2089 627 2168 proprium
642 2088 786 2148 eiusmodi
801 2104 897 2165 genus
912 2089 1070 2148 constituis
1093 2106 1129 2148 ex
1146 2088 1228 2148 ditis-
1283 2107 1285 2112 ·

115 2189 183 2250 simo
199 2207 318 2268 quoque
332 2191 526 2260 libertorum,
550 2192 687 2270 inprimis
701 2191 752 2259 iis,
778 2191 827 2266 qui
849 2190 937 2250 seviri
951 2188 1129 2267 Augustales
1145 2196 1229 2250 erant

114 2307 203 2370 neque
219 2293 273 2354 ulli
288 2293 414 2371 collegio
429 2293 574 2354 artificum
591 2292 746 2372 adscripti,
764 2308 838 2369 quos
854 2290 987 2352 videmus
1002 2308 1092 2370 saepe
1108 2309 1142 2351 ea
1157 2309 1228 2369 gau-

113 2392 209 2457 dentes
223 2396 359 2466 lortuna,
389 2403 422 2456 ut
450 2394 597 2461 excellere
625 2393 803 2456 liberalitate
827 2411 898 2471 erga
919 2391 1112 2471 municipales
1134 2394 1171 2454 iis
1193 2392 1228 2453 li·

113 2499 210 2558 cuerit
241 2498 308 2560 Una
323 2497 452 2574 denique
467 2504 587 2576 praeter
603 2496 816 2575 agriculturam
832 2497 928 2556 extitit
944 2501 1085 2575 quaestus
1100 2497 1176 2558 ratio
1192 2495 1230 2557 ab

110 2599 243 2676 ingenuis
273 2601 418 2669 exercita,
441 2598 493 2659 sed
515 2598 552 2658 ab
579 2600 717 2677 ingenuis
743 2598 837 2659 intimi
865 2596 995 2666 ordinis,
1025 2599 1230 2677 apparitorum

19 2777 20 2784 ἵ
112 2698 218 2763 scilicet
240 2701 353 2770 olllcia;
379 2700 487 2762 docent
509 2708 607 2762 autem
629 2700 707 2762 tituli
722 2702 831 2769 nostri,
855 2702 1001 2778 ingenuos
1017 2700 1109 2760 luisse
1130 2700 1228 2780 publi-

111 2817 210 2864 corum
237 2808 357 2864 tantum
382 2801 486 2882 populi
506 2803 633 2864 Romani
656 2803 881 2880 magistratuum
910 2802 1111 2880 apparitores,
1141 2809 1174 2862 ut
1196 2802 1227 2863 C.

109 2901 246 2965 llanlium
277 2903 308 2965 C.
331 2905 351 2965 i.
376 2905 494 2984 Papiria
520 2904 631 2965 Ruium
656 2903 694 2986 (n.
720 2903 786 2982 33),
811 2901 982 2964 Cornelium
1004 2902 1036 2962 P.
1060 2902 1080 2962 f.
1104 2903 1229 2964 Paetum

110 3002 144 3081 (n.
159 3005 219 3086 34),
236 3008 391 3086 quierant
407 3024 442 3066 ex
458 3006 578 3067 decuria
592 3006 731 3067 lictorum
746 3005 892 3064 viatorum
909 3004 1069 3064 constituta
1078 3003 1227 3073 Narbone,

108 3113 207 3169 contra
223 3109 278 3188 qui
292 3106 522 3186 municipalibus
538 3106 722 3187 apparebant
736 3104 969 3185 magistratibus,
985 3105 1077 3165 luisse
1093 3104 1227 3175 libertos,

107 3209 187 3270 cuins
197 3211 321 3287 generis
331 3216 401 3270 sunt
413 3210 466 3271 Cn.
475 3208 588 3271 Fronto
600 3211 752 3289 apparitor
765 3207 803 3286 (n.
812 3207 893 3287 158),
907 3207 936 3268 S.
945 3204 1082 3268 Aurelius
1094 3207 1228 3268 Zosimus

108 3317 197 3371 stator
214 3311 254 3390 (n.
275 3311 346 3391 159)
363 3312 592 3381 Nemausenses,
609 3310 741 3372 Lucilius
756 3310 920 3371 lletrobius
941 3314 1035 3370 stator
1050 3309 1229 3371 Viennensis

107 3413 144 3493 (n.
169 3413 260 3494 519),
285 3414 317 3474 P.
342 3413 528 3483 Primitivus,
552 3417 755 3492 Augustorum
777 3411 917 3482 libertus,
941 3417 1035 3472 stator
1057 3409 1228 3472 Cularensis

107 3513 143 3594 ln.
167 3515 252 3597 552).
282 3548 317 3559 -
342 3514 386 3576 Ab
410 3517 613 3596 apparitorum
637 3514 824 3595 publicorum
852 3514 1016 3575 ministerio
1039 3513 1229 3590 magistratus

105 3617 191 3677 etiam
215 3616 415 3696 municipales
437 3617 572 3678 fonditus
595 3618 818 3695 distinguuntur
842 3635 891 3682 eo,
921 3614 1001 3693 quod
1023 3612 1066 3675 illi
1088 3613 1228 3676 salarium

105 3719 305 3799 accipiebant,
335 3721 525 3796 magistratus
554 3721 646 3796 gratis
673 3736 797 3779 munere
824 3715 1041 3796 iungebantur;
1073 3733 1160 3794 quam
1190 3717 1227 3778 ob

19 3833 23 3848 ·
103 3836 165 3879 rem
194 3819 241 3880 illi
272 3827 413 3897 quaestus
445 3823 561 3882 ratione
590 3819 901 3900 comprehenduntur,
931 3817 963 3878 hi
991 3817 1027 3879 ab
1057 3836 1115 3879 una
1142 3826 1228 3896 parte

103 3923 218 3983 ratione
242 3921 381 3991 honoris,
406 3922 442 3983 ab
466 3923 559 3984 altera
582 3921 764 4003 suscipiendi
785 3921 919 3982 muneris
933 3918 1058 3998 publici,
1083 3919 1226 3990 nodedi,

103 4028 134 4082 ut
154 4023 192 4084 ab
216 4022 367 4084 hodierno
389 4026 617 4103 magistratuum
639 4025 773 4084 instituto
796 4022 884 4099 longe
907 4020 1053 4082 differant.

185 4125 350 4187 Postremo
380 4133 479 4187 autern
507 4127 537 4187 in
565 4125 621 4186 hac
649 4124 686 4185 de
718 4124 891 4202 quaestibus
924 4122 1133 4191 dissertatione
1166 4140 1227 4183 non

101 4226 334 4290 transmittenda
358 4236 403 4289 est
425 4227 676 4306 collegiorum
702 4225 753 4286 illa
775 4227 886 4295 forma,
916 4227 948 4286 iu
970 4241 1058 4304 quam
1081 4221 1227 4304 quaedam

100 4329 245 4408 opiticum
275 4346 387 4406 genera
414 4328 552 4392 solebant
579 4331 669 4391 coire.
721 4329 856 4400 Quorum
885 4324 1094 4404 collegiorum,
1129 4323 1227 4402 qualia

98 4431 323 4510 imperatorum
345 4438 441 4493 aetate
465 4439 563 4502 erant,
588 4449 723 4494 caussam
745 4427 916 4508 generalem
931 4424 1093 4489 cohaerere
1110 4442 1178 4489 cum
1192 4443 1226 4489 re
