3154 5162
512 483 594 542 PARS
616 485 634 541 l.
679 483 786 541 CLPV'l'
807 483 851 540 lll.
1172 487 1233 550 109

125 651 187 730 pida
214 652 385 720 muniverit,
420 668 547 727 quorum
575 651 698 711 fortuito
727 669 797 712 casu
823 651 882 711 iam
909 669 969 711 non
997 657 1098 712 extant
1126 669 1231 712 monu-

18 759 20 818 5
125 759 227 814 menta.
272 754 353 825 Quae
375 771 447 813 vero
477 753 513 813 de
535 752 660 813 coloniis
686 772 740 831 per
763 771 815 813 eos
837 772 930 815 annos
956 753 987 813 in
1010 753 1118 814 Gallias
1139 753 1232 814 dedu-

126 856 175 914 ctis
203 863 231 915 et
259 857 376 916 civitate
402 854 514 915 ibidem
542 862 703 934 propagata
730 855 786 915 bio
808 855 902 915 relcrt
911 851 963 932 ¹⁰),
993 854 1030 914 ad
1058 854 1232 916 ulteriorem

18 1033 20 1038 ι
125 957 327 1034 potiusquam
356 957 393 1017 ad
420 956 644 1017 meridionalem
674 955 797 1017 Galliam
827 962 896 1017 sunt
921 955 1087 1016 referenda.
1133 957 1233 1033 Aeque

125 1075 195 1118 anno
217 1077 242 1118 a.
260 1057 314 1120 ch.
333 1064 381 1127 10,
406 1075 465 1136 quo
481 1060 632 1136 Augustus
648 1057 785 1119 ultimum
800 1059 831 1118 in
848 1057 940 1118 Gallia
955 1064 1089 1119 moratus
1112 1064 1233 1119 estune

18 1141 20 1206 Ϊ
126 1177 186 1219 cunr
208 1160 330 1221 Tiberio
353 1166 383 1220 et
405 1161 502 1222 Druso
524 1161 668 1239 privignis
691 1166 721 1220 et
743 1177 801 1237 quo
824 1157 982 1238 Luguduni
1003 1158 1137 1220 kalendis
1160 1160 1232 1220 Sex·

18 1259 20 1312 l
124 1260 218 1322 lilibus
240 1261 375 1322 dedicata
398 1268 444 1322 est
465 1280 515 1322 ara
538 1261 733 1322 celeberrima
755 1260 866 1322 Romae
895 1268 924 1322 et
945 1259 1129 1340 nugusnss),
1160 1279 1233 1321 num

125 1349 189 1437 quid
212 1365 335 1423 omnino
362 1362 439 1441 apud
468 1363 678 1424 Narbonenses
705 1365 868 1443 imperator
894 1364 1069 1443 perfecerit,
1099 1366 1233 1441 ignotum

125 1471 172 1523 est.
216 1465 253 1524 11
276 1467 419 1525 extremis
441 1466 564 1542 Augusti
586 1467 671 1526 annis
699 1466 729 1525 in
752 1464 929 1542 quibusdam
952 1463 1042 1526 buius
1063 1465 1233 1544 provinciae

18 1577 19 1628 Τ
125 1562 242 1626 coloniis
264 1565 460 1627 interioribus
481 1565 578 1627 turbis
599 1565 731 1646 paullum
752 1567 919 1646 interrupta
942 1583 1007 1627 esse
1021 1567 1138 1627 videtur
1153 1575 1233 1627 tran-

18 1643 20 1682 l
124 1665 255 1742 quillitas.
304 1665 443 1746 Legimus
467 1670 546 1729 enim
569 1669 647 1747 apud
670 1667 823 1736 Velleium,
848 1685 926 1728 anno
948 1688 977 1748 p.
1002 1668 1053 1730 ch.
1080 1675 1117 1732 11
1142 1667 1231 1728 'libe-

18 1755 20 1802 ?
123 1768 196 1827 rium
220 1769 378 1830 Caesarem
401 1770 577 1831 redeuntem
599 1769 636 1830 ab
665 1769 853 1848 expeditione
876 1770 1065 1839 Germanica,
1096 1786 1152 1846 qua
1175 1769 1233 1829 cla-

18 1869 19 1938 j
124 1869 185 1930 dem
207 1872 365 1933 Varianam
387 1870 467 1932 ultus
489 1879 577 1941 esset,
600 1889 650 1931 res
671 1870 832 1932 Galliarum
854 1873 998 1932 maximae
1018 1871 1107 1931 ¹molis
1129 1888 1233 1932 accen·

18 2003 19 2016 2
124 1987 224 2049 sasque
246 1974 461 2033 Viennensium
484 1973 685 2033 dissensiones
708 1975 889 2033 coercitione
911 1974 1005 2049 magis
1028 1989 1115 2048 quarn
1138 1989 1233 2051 poena

18 2103 20 2146 ς
123 2073 257 2136 mollisse.
271 2071 305 2153 ¹²)
351 2074 405 2136 Cui
426 2073 530 2158 VeNcii
552 2073 690 2135 relationi
713 2076 738 2134 si
761 2075 957 2142 conserimus,
988 2073 1066 2151 quod
1090 2091 1125 2133 ex
1148 2071 1233 2132 titulo

18 2169 20 2236 l
123 2192 186 2235 arae
207 2172 454 2253 Narbonensis¹³l
478 2177 670 2255 perspicuum
692 2182 745 2244 est,
769 2194 846 2236 anno
869 2194 898 2255 p.
923 2175 974 2236 Ch.
999 2182 1035 2241 11
1067 2176 1233 2235 recurrisse

123 2279 286 2357 municipes
315 2277 448 2338 coloniae
476 2276 624 2338 Narbonis
652 2275 748 2337 Martii
784 2277 820 2337 ad
847 2278 1025 2354 Augustum,
1062 2283 1094 2335 ut
1125 2275 1234 2336 iudicia

122 2376 212 2455 plebis
235 2377 449 2440 decurionibus
472 2380 667 2456 coniungeret
693 2380 754 2438 sire
782 2397 885 2458 pacem
914 2379 1068 2458 municipii
1095 2379 1232 2438 restitue·

18 2501 20 2546 t
122 2486 172 2548 ret,
195 2481 384 2560 suspicamur
406 2488 436 2540 et
457 2482 535 2541 iufra
563 2479 768 2541 demonstrare
797 2480 986 2550 conabimur,
1020 2498 1056 2540 ex
1085 2481 1234 2541 creatione

122 2582 346 2659 magistratuum
369 2601 404 2644 eo
431 2589 566 2661 tempore
592 2583 625 2640 in
652 2583 821 2662 municipiis
844 2583 963 2644 Gallicis
991 2583 1069 2643 inter
1091 2581 1234 2661 populum

19 2701 21 2736 ι
122 2690 241 2744 naturae
263 2683 363 2744 indole
386 2683 584 2745 turbidiorcm
607 2685 724 2762 saepius
740 2685 947 2745 contentiones
969 2702 1035 2745 esse
1058 2691 1146 2752 ortas,
1170 2684 1235 2764 qui-

19 2797 21 2828 !
122 2781 174 2845 bus
196 2785 423 2864 compescendis
444 2785 591 2864 praesidis
619 2787 778 2863 imperium
801 2804 861 2846 non
883 2785 1039 2845 videbatur
1065 2785 1212 2845 sulficere.

202 2886 265 2948 Sub
288 2885 522 2966 imperatoribus
544 2885 665 2947 Tiberio
693 2893 723 2947 et
744 2887 814 2948 Gaio
843 2885 917 2947 nibil
940 2887 1061 2946 omnino
1084 2884 1120 2945 de
1143 2884 1236 2945 Gallia

19 2993 22 3020 ³
121 2985 306 3049 Narbonensi
329 2988 461 3057 auditum
486 3006 555 3048 nam
578 3007 615 3048 ne
637 2991 667 3048 in
691 2988 752 3049 Gaii
773 2987 892 3065 quidem
915 2986 966 3046 illo
988 3005 1043 3065 per
1059 2985 1166 3047 Gallias
1186 2987 1234 3044 iti·

122 3105 199 3160 nere,
222 3092 256 3150 in
280 3107 339 3168 quo
362 3090 520 3169 Luguduni
543 3108 732 3151 commorans
754 3091 786 3150 in
808 3089 987 3150 ditissimum
1003 3103 1151 3166 quemque
1167 3085 1234 3146 Gal-

20 3209 22 3224 '
121 3186 215 3251 lorum
240 3188 401 3270 saeviit¹⁴),
432 3209 610 3270 quamquam
634 3193 698 3252 sine
720 3191 811 3252 dubio
833 3189 1079 3252 Narbonensibus
1100 3207 1161 3249 non
1183 3207 1235 3268 pe·

20 3293 22 3380 )
122 3294 227 3368 percit,
251 3293 341 3354 huius
362 3295 533 3373 provinciae
555 3295 587 3354 lit
609 3295 729 3355 mentio.

20 3461 22 3476 Ι
202 3397 315 3456 Varum
338 3396 462 3463 interea,
487 3411 562 3471 quae
586 3395 679 3456 lulius
702 3395 808 3456 Caesar
831 3402 862 3455 et
883 3396 1032 3472 Augustus
1054 3393 1096 3454 ibi
1119 3410 1236 3472 sparse·

20 3483 22 3524 ÷
122 3502 186 3554 rant
208 3498 337 3566 semina,
366 3496 443 3557 laete
465 3504 665 3575 provenerant
693 3506 781 3574 atque
803 3499 835 3556 in
857 3496 921 3556 dies
945 3495 1019 3557 baec
1042 3493 1237 3574 Transalpina

26 3643 30 3652 .
121 3599 202 3673 regio
225 3597 308 3659 ltalia
331 3599 431 3659 verius
453 3604 518 3660 erat
540 3616 629 3676 quam
651 3597 752 3659 Gallia.
798 3599 858 3659 lam
887 3600 1029 3676 frequens
1051 3615 1107 3677 per
1129 3596 1238 3676 oppida

122 3699 291 3774 provinciae
315 3707 379 3760 erat
406 3701 540 3778 equitum
562 3701 764 3762 Romanorum
793 3700 965 3770 multitudo,
994 3701 1053 3761 iam
1082 3701 1133 3777 qui
1159 3700 1238 3759 inter

188 3919 231 3983 10)
251 3920 305 3970 Dio
323 3922 370 3980 54,
390 3921 492 3972 11115.
1239 3971 1241 3983 ,

188 4003 234 4069 11)
252 4004 306 4055 Dio
324 4005 367 4069 54,
380 4007 422 4055 32.
458 4004 520 4057 Liv.
540 4005 605 4069 cpit.
620 4007 668 4056 137
689 4004 806 4070 aliisque
825 4005 902 4064 loeis,
921 4019 987 4069 quos
1001 4003 1133 4055 collectos
1150 4001 1238 4052 habos

22 4141 23 4158 1
123 4086 194 4151 apud
216 4088 338 4148 Uckert,
363 4089 462 4154 Geogr.
487 4091 514 4148 2,
538 4091 554 4140 2
576 4105 603 4154 p.
622 4090 673 4140 465
694 4095 752 4142 not.
776 4092 817 4144 15.
858 4089 907 4140 cir.
931 4092 1078 4154 praeterea
1099 4077 1237 4149 Boissieu‚

22 4163 24 4216 ξ
121 4171 249 4237 inscript.
267 4173 300 4223 de
317 4173 397 4237 Lyon
414 4189 441 4238 p.
460 4173 573 4223 82—84.

22 4259 23 4266 ¹
190 4255 234 4322 1'2)
254 4256 407 4310 1111111,
426 4260 454 4318 2,
474 4259 531 4308 121.

189 4341 234 4403 13)
253 4341 376 4409 Append.
396 4342 483 4407 epigr.
501 4356 528 4392 n.
548 4343 570 4391 1.
590 4340 643 4394 ccl.
662 4341 683 4392 I.
702 4358 747 4397 vv.
764 4344 875 4396 29-31.

189 4424 235 4491 14)
253 4426 307 4477 Dio
324 4427 370 4488 59,
389 4427 421 4477 21
440 4440 482 4490 sq.
517 4425 593 4477 Suet.
613 4425 701 4492 Oalig.
719 4429 760 4479 20.
