3184 5162
299 463 338 528 12
755 461 955 518 Puoouulvu.

298 632 433 694 Rhodam
456 632 575 710 quidem
598 633 785 712 Hispanicum
807 639 970 710 potuerunt
995 634 1141 701 retinere,
1169 631 1221 692 sed
1249 649 1319 692 mox
1341 650 1413 710 per·

298 738 444 796 miserunt
466 754 530 796 eam
552 732 838 812 Massiliensibus42),
867 736 1006 814 quicum
1029 752 1123 814 prope
1145 731 1279 794 Rhodam
1302 733 1413 812 Empo-

298 839 376 899 rium
403 836 509 899 urbem
538 837 755 906 condidissent,
790 837 869 898 lucili
898 840 1018 915 negotio
1046 836 1188 916 oppidum
1218 833 1292 898 illud
1319 836 1411 895 desti·

296 946 392 1001 tutum
425 957 441 999 a
473 941 567 1018 patria
601 941 663 999 suis
697 939 823 1000 coloniis
857 939 1043 1008 adiecerunt;
1080 938 1160 1000 unde
1187 938 1233 1007 fit,
1268 944 1300 998 ut
1330 937 1411 998 idem

297 1041 404 1102 Strabo
441 1039 498 1101 alio
530 1040 595 1101 loco
608 1037 645 1118 ⁴³)
673 1040 808 1101 Rhodam
838 1041 967 1120 appellet
999 1040 1174 1120 oppidulum
1203 1040 1411 1118 Emporitano-

210 1161 214 1171 ·
295 1162 378 1211 rum,
408 1144 493 1204 cuius
521 1161 537 1202 a
563 1141 669 1203 Rhodo
697 1143 793 1204 insula
816 1145 961 1220 originem
990 1145 1037 1203 vix
1067 1144 1139 1212 sint,
1170 1144 1220 1219 qui
1247 1145 1412 1203 memoriae
1438 1205 1442 1209 ,

297 1244 435 1305 traditam
457 1233 636 1323 acceperint.
682 1245 804 1306 Interim
822 1244 949 1306 Massilia
972 1252 1000 1304 et
1022 1246 1097 1305 situs
1116 1247 1338 1324 opportunitate
1358 1245 1410 1304 ad-

296 1347 357 1408 iuta
380 1354 409 1406 et
431 1352 550 1408 strenua
573 1345 738 1408 incolarum
754 1348 969 1416 constantiaet
983 1346 1155 1407 tortitudine
1165 1351 1333 1408 sustentata
1348 1365 1411 1406 me·

296 1446 361 1506 dios
382 1449 461 1508 inter
483 1446 628 1508 barbaros
650 1449 681 1506 in
703 1447 766 1507 dies
786 1455 873 1508 aucta
888 1458 942 1517 est,
966 1455 1054 1526 atque
1070 1455 1103 1510 ut
1118 1447 1206 1508 hodie
1221 1465 1276 1526 per
1291 1465 1412 1509 omnem

296 1548 399 1609 orbem
429 1550 599 1610 commercii
627 1549 704 1609 lama
730 1547 914 1619 inclarescit,
950 1552 990 1610 ita
1019 1551 1106 1610 etiarn
1135 1551 1242 1610 veteris
1268 1548 1412 1610 historiae

296 1658 431 1728 tempore
453 1655 521 1728 post
542 1648 633 1710 breve
655 1657 774 1728 tempus
796 1650 891 1728 gloria
912 1670 1014 1713 rerum
1035 1659 1202 1729 gestarum,
1232 1651 1413 1712 abundantia

296 1769 395 1829 opum,
419 1750 565 1811 industria
587 1758 669 1812 terra
692 1754 825 1830 marique
849 1755 978 1814 exercita
1000 1760 1140 1833 coeperat
1155 1753 1273 1814 llorere.

379 1851 480 1924 Qualis
495 1859 595 1914 autem
611 1871 645 1915 ea
660 1861 771 1923 aetate,
798 1873 856 1934 qua
870 1857 1000 1934 primum
1015 1864 1045 1916 et
1059 1855 1157 1916 Celtae
1173 1861 1202 1914 et
1217 1855 1323 1917 Graeci
1338 1875 1412 1918 suas

296 1953 352 2016 sibi
366 1954 453 2015 sedes
474 1962 624 2033 pararant,
648 1958 709 2016 sire
730 1957 813 2017 initio
836 1957 900 2017 lere
923 1956 1033 2017 saeculi
1054 1975 1079 2018 a.
1105 1957 1156 2018 Ch.
1182 1958 1277 2034 quinti
1298 1957 1412 2018 Galliae

294 2055 495 2118 meridionalis
519 2065 612 2118 status
627 2059 731 2127 luerit,
751 2075 840 2134 quarn
858 2059 983 2134 quisque
1000 2066 1114 2137 partem
1136 2061 1282 2128 tenuerit,
1300 2061 1412 2138 optime

294 2160 483 2236 perspicuum
508 2166 553 2219 est
575 2178 611 2218 ex
635 2159 791 2229 Hecataeo,
815 2179 831 2218 a
854 2177 913 2236 quo
928 2162 1024 2237 primo
1043 2162 1147 2240 incipit
1161 2168 1410 2239 contemporanea

293 2260 474 2320 Graecorum
497 2260 534 2319 de
556 2259 612 2320 hac
633 2262 756 2337 regione
771 2259 891 2320 relatio:
917 2261 1115 2322 Considehant
1135 2263 1165 2320 in
1186 2263 1284 2323 medio
1300 2262 1410 2330 Celtae,

293 2361 345 2438 qui
367 2377 383 2419 e
405 2359 659 2438 septentrionibus
682 2363 835 2422 venientes
858 2363 945 2420 cunei
965 2362 1058 2423 instar
1075 2364 1261 2425 immiserant
1283 2383 1315 2424 se
1331 2366 1412 2424 inter

293 2462 419 2538 Ligures
442 2466 471 2521 et
492 2460 608 2530 Iberes,
631 2460 691 2522 illis
712 2462 789 2522 ultra
811 2461 1003 2530 Rhodanum,
1031 2462 1077 2524 his
1098 2466 1129 2524 in
1151 2463 1337 2544 Pyrenaeum
1359 2485 1409 2527 re-

293 2562 395 2641 pulsis
419 2581 471 2622 ora
493 2564 638 2624 maritima
661 2570 759 2625 autem
783 2583 839 2644 per
861 2565 966 2625 urbem
982 2565 1139 2626 Massiliam
1161 2573 1312 2645 occupata.
1350 2567 1410 2628 Ne·

236 2676 240 2683 '
293 2683 351 2743 que
375 2665 453 2724 enim
483 2663 578 2724 solum
599 2663 699 2724 Narbo
729 2665 765 2725 ab
793 2665 939 2727 Hecataeo
969 2666 1077 2727 dicitur
1104 2666 1177 2728 urbs
1205 2667 1328 2736 Celtica,
1357 2670 1412 2728 sed

292 2767 390 2826 omnis
413 2783 490 2843 quae
511 2768 591 2826 inter
614 2766 799 2846 Pyrenaeum
823 2774 851 2827 et
872 2765 1049 2828 Rhodanum
1072 2776 1118 2828 est
1137 2771 1235 2846 regio,
1260 2762 1411 2849 dicituro?

294 2943 300 2947 ,
343 2941 349 2946 ,,
370 2941 379 2946 ,,
398 2937 556 2944 ,-.-.-----
581 2936 596 2941 ...

291 3055 410 3106 Plinium
429 3055 605 3120 eiaripserit3
624 3055 722 3108 deinde
741 3056 830 3120 ipsum
843 3055 965 3105 Plinium
983 3053 1140 3106 confudisse
1153 3055 1277 3106 Rhodam
1289 3057 1411 3109 Rhodio-

291 3156 349 3190 rum
369 3155 431 3190 oum
442 3139 622 3192 Rhodanusia
634 3140 848 3192 Massiliensium
860 3130 966 3205 pridem
979 3140 1090 3189 fuerunt
1102 3141 1148 3205 qui
1160 3143 1327 3204 monuerint;
1349 3159 1411 3193 cum

292 3227 365 3274 enim
382 3225 412 3273 in
432 3226 610 3275 recensendis
627 3225 783 3291 Hispaniae
802 3224 909 3290 oppidis
926 3223 1049 3273 Rhodum
1068 3225 1201 3284 omiserit,
1221 3241 1275 3276 non
1293 3226 1362 3277 duas
1380 3229 1410 3277 in
1440 3214 1446 3222 ⁸

290 3309 339 3359 ihu
351 3309 465 3375 regiona
482 3309 594 3361 Rhodes
613 3309 780 3361 Rhodiorum
798 3308 921 3358 colonius
938 3308 1047 3359 videtur
1064 3311 1239 3375 cognovisse,
1258 3312 1307 3361 sed
1325 3328 1411 3364 uuam

292 3393 376 3455 illam,
397 3408 467 3458 quae
485 3393 525 3442 ibi
543 3397 615 3454 erat,
638 3394 709 3445 falso
727 3394 789 3445 loco
806 3395 944 3459 posuisse,
968 3393 1050 3459 idque
1068 3409 1100 3445 eo
1117 3395 1207 3459 magis
1224 3394 1284 3445 fieri
1301 3399 1409 3462 potuit,

283 3477 361 3546 ⁸quod
378 3476 557 3530 Rhodanusia
580 3495 688 3544 quoque
708 3478 762 3530 alio
780 3479 891 3530 nomine
904 3463 1006 3528 ¹Rhoda
1023 3477 1130 3527 videtur
1148 3478 1220 3543 apud
1243 3479 1409 3532 Strabonem

292 3578 352 3614 esse
366 3563 518 3628 appellata,
539 3564 562 3613 si
582 3564 699 3628 quidem,
719 3564 766 3613 ubi
786 3563 896 3614 codices
913 3561 1031 3612 habent:
1055 3552 1108 3625 τὴν
1125 3555 1158 3612 δὲ
1173 3552 1267 3628 Ῥόην
1282 3555 1411 3633 Ἀγσὶθην

291 3647 378 3713 legis:
402 3641 456 3710 τὴν
470 3637 511 3698 ’δὲ
530 3637 650 3713 Ῥόδην
673 3645 722 3699 καὶ
738 3639 874 3714 ’alpadum
898 3663 963 3697 uam
986 3647 1038 3696 hoc
1062 3645 1159 3696 saltem
1178 3645 1323 3698 Strabonis
1346 3649 1410 3702 loco

292 3731 470 3781 Rhodanusia
488 3735 595 3781 tantum
613 3736 704 3797 potest
727 3733 864 3798 intellegi.
896 3733 947 3782 cfr.
966 3731 1074 3794 Scymn.
1094 3730 1191 3780 Chium
1208 3746 1234 3782 v.
1252 3735 1302 3783 207
1321 3735 1355 3784 i.:
1380 3732 1412 3788 σί

290 3814 464 3866 Μασσαλίαν
483 3813 630 3874 κτίσαντες
650 3809 732 3882 ἔσχον
750 3816 880 3876 Φωκαεῖς
895 3805 1017 3881 Ἀγσὶθην
1032 3805 1237 3867 Ῥοὸανουσίαν
1255 3832 1295 3881 τε,
1311 3809 1410 3870 ‘Poda-

290 3891 339 3957 νὸς
361 3887 398 3964 ἣν
420 3893 509 3964 μέγας
536 3891 663 3966 ποταμὸς
685 3894 836 3966 παραρὁἴ.
873 3900 950 3962 Quod
969 3904 1060 3950 autem
1088 3900 1121 3949 de
1145 3901 1253 3966 origine
1275 3905 1411 3956 vocabuli

289 3984 415 4034 Rhodani
433 3985 502 4035 dicit
519 3984 640 4044 Plinius,
664 3985 693 4034 id
710 3987 887 4037 manifestum
906 3987 960 4044 est,
986 3998 1034 4034 suo
1052 3983 1142 4034 Marte
1165 3985 1213 4034 sed
1231 3986 1326 4051 iniquo
1345 4003 1410 4040 eum

290 4069 443 4130 iuvenisse,
463 4085 523 4119 cum
542 4085 612 4135 quae
624 4069 758 4121 Rhodano
773 4069 922 4121 ediscehat
939 4068 1016 4138 urbs,
1035 4069 1096 4134 ipsa
1115 4069 1226 4120 alluvio
1238 4085 1339 4120 nomen
1358 4088 1409 4124 ac-

289 4155 409 4220 ceperit,
427 4170 481 4204 uon
498 4154 596 4206 fluvius
615 4154 649 4206 ab
668 4155 744 4208 urbe.

355 4237 400 4304 42)
419 4237 477 4288 cfr.
495 4243 552 4290 not.
569 4242 611 4293 40.

356 4321 401 4387 43)
421 4322 520 4375 Strabo
539 4327 569 4389 3,
590 4323 651 4375 160:
675 4317 806 4374 ἐνταῦθα
829 4311 859 4371 d'
883 4313 942 4371 ieet
959 4317 1009 4372 καὶ
1026 4314 1044 4385 ἡ
1059 4312 1180 4385 Ῥοδόπη
1203 4319 1261 4384 (sic
1280 4325 1409 4391 codices;

288 4407 352 4474 lege
367 4401 472 4476 Ῥόδη),
489 4407 638 4474 πολίχνιον
653 4399 837 4472 Ἐμποριτῶν,
856 4398 931 4464 τινὲς
950 4398 982 4456 δὲ
1001 4401 1104 4470 κτίσμα
1119 4398 1236 4457 Ῥοδίων
1254 4407 1337 4470 φασί.
