3184 5162
305 457 346 520 sl
396 533 400 541 ,
700 453 825 513 11111.
869 453 1016 513 111111.
1071 427 1075 436 ’

305 622 341 684 de
363 622 492 684 minimis
517 621 638 700 quidem
660 622 790 684 motibus
807 622 968 701 quidquam
990 622 1139 684 referatur
1157 621 1250 683 11111
1270 627 1426 685 rectorum

304 726 473 803 provinciae
496 726 614 786 nomina
636 727 736 802 ignota
758 721 872 803 111114)
918 724 1002 797 Quod
1026 730 1126 786 autem
1141 743 1218 786 anno
1241 730 1283 791 90
1299 725 1330 787 C.
1349 726 1424 786 Cae·

308 825 408 897 cilius,
439 829 490 905 qui
511 845 567 906 pro
584 833 723 905 praetore
745 828 926 907 provinciam
953 828 1044 896 rexit,
1075 825 1220 888 Salluvios
1241 826 1424 888 rebellantes

307 930 439 990 retertur
460 925 624 1008 vicisse⁰⁵);
654 948 690 990 eo
713 930 925 991 confirmantur
946 928 1011 999 illa,
1040 947 1116 1009 quae
1144 928 1221 1008 apud
1245 928 1423 990 Strabonem

308 1030 344 1091 de
374 1032 522 1092 continuis
542 1032 685 1110 Ligurum
710 1033 799 1093 etiam
822 1030 877 1092 sub
900 1029 1103 1092 Romanorum
1129 1031 1256 1110 imperio
1284 1029 1423 1092 rebellio·

306 1131 393 1194 nibus
421 1151 510 1213 snpra
537 1135 705 1196 invenimus
718 1129 769 1214 ⁸⁶);
799 1151 896 1211 neque
923 1151 994 1194 vero
1024 1134 1145 1194 maioris
1172 1135 1317 1194 momenti
1343 1134 1422 1192 eius·

306 1235 387 1295 modi
414 1242 518 1312 contra
545 1236 675 1299 latrones
702 1237 801 1316 potins
830 1251 918 1314 quam
951 1242 1054 1296 contra
1088 1235 1189 1296 hostes
1218 1235 1424 1314 expeditiones

305 1337 435 1399 inerunt.

390 1473 498 1546 Quem·
513 1474 750 1554 tranquilliorem
784 1475 954 1554 provinciae
988 1481 1097 1534 statum
1124 1475 1259 1553 seqnitur
1286 1475 1344 1534 iam
1371 1471 1424 1533 illa

305 1573 462 1636 turbarum
489 1575 688 1637 Marianarum
716 1583 811 1646 aetas,
841 1595 857 1636 a
885 1593 943 1654 qua
969 1593 1037 1636 cum
1065 1593 1152 1636 omne
1180 1577 1340 1655 imperium
1361 1575 1423 1635 lio·

303 1695 423 1736 manum
436 1679 466 1736 in
489 1677 562 1738 duas
585 1687 685 1758 parles
707 1678 834 1738 divisum
856 1684 936 1738 esset
963 1687 992 1737 et
1014 1676 1125 1737 bellum
1149 1677 1258 1757 ubique
1280 1679 1421 1745 saeviret,

304 1796 342 1838 ne
365 1778 560 1859 Transalpina
583 1780 702 1858 quidem
725 1781 807 1858 regio
829 1797 954 1859 prorsus
977 1785 1041 1839 erat
1062 1777 1166 1840 aliena.
1204 1779 1241 1840 Et
1255 1780 1338 1840 initio
1353 1780 1422 1856 qui·

304 1877 371 1940 dem
394 1879 464 1941 belli
479 1881 602 1943 Mariani
623 1882 661 1942 de
683 1881 738 1943 bac
759 1883 878 1962 imperii
892 1887 976 1961 parte
999 1878 1072 1940 nihil
1094 1879 1174 1941 aliud
1197 1886 1312 1942 constat
1330 1899 1421 1960 quarn

303 2000 358 2061 per
380 1981 453 2043 illud
477 1991 611 2064 tempus,
641 2001 700 2062 qno
728 2002 782 2062 pcr
805 1983 990 2044 occidentem
1013 1982 1123 2061 ubique
1146 1982 1275 2043 Mariana
1297 2000 1346 2043 res
1369 2001 1421 2042 su-

302 2086 404 2163 perior
427 2093 499 2156 erat,
524 2085 646 2147 Galliam
671 2104 789 2165 quoque
811 2104 828 2146 a
849 2085 988 2146 Marianis
1015 2084 1183 2146 rectoribus
1207 2103 1272 2144 esse
1294 2083 1421 2144 admini-

303 2193 434 2256 stratam,
449 2189 541 2266 ipsins
553 2195 652 2248 autem
665 2187 735 2248 belli
750 2188 842 2248 fuisse
859 2194 1020 2266 expertem.
1051 2188 1160 2247 Verum
1174 2205 1209 2246 ex
1222 2205 1282 2265 quo
1293 2187 1423 2246 mortuis

302 2287 393 2348 Mario
417 2280 567 2368 Cinnaque
597 2296 626 2348 et
653 2289 768 2349 aillictis
790 2288 989 2349 Marianorum
1018 2289 1048 2348 in
1076 2285 1158 2348 ltalia
1188 2295 1218 2348 et
1245 2289 1276 2347 in
1303 2288 1422 2347 oriente

302 2387 392 2448 rebus
414 2387 445 2450 in
466 2389 636 2469 Hispaniam
666 2389 777 2450 bellum
805 2390 970 2450 transferre
999 2397 1139 2469 coeperat
1167 2388 1332 2458 Sertorius,
1363 2407 1420 2448 no·

302 2496 381 2550 strae
404 2507 523 2570 quoque
544 2493 713 2571 provinciae
736 2509 802 2552 sors
823 2493 854 2552 in
869 2493 955 2570 peius
978 2494 1078 2570 coepit
1092 2493 1209 2553 mutari.
1249 2491 1321 2551 Cum
1337 2491 1422 2551 enim

302 2609 318 2650 a
341 2596 381 2658 83
403 2593 435 2652 in
457 2595 607 2672 provincia
634 2593 664 2654 C.
688 2592 838 2654 Valerium
860 2591 999 2654 Flaccum
1025 2595 1209 2654 inveniamus
1236 2595 1294 2653 iam
1320 2595 1419 2672 impe-

301 2695 410 2754 ratoris
434 2694 517 2755 titulo
539 2696 701 2773 insignem,
726 2696 786 2755 sive
808 2714 824 2754 a
847 2694 932 2754 Marii
953 2697 1013 2756 sive
1036 2714 1052 2757 a
1075 2695 1174 2757 Sullae
1195 2695 1330 2775 partibus
1353 2702 1421 2756 tum

301 2796 381 2855 stetit
403 2795 540 2866 Flaccus,
569 2799 722 2858 victoriam
743 2796 839 2866 illam,
870 2815 946 2875 quae
972 2797 1051 2858 tituli
1078 2815 1181 2859 caussa
1204 2804 1282 2868 erat,
1314 2799 1421 2874 utiquc

301 2897 491 2975 degentibus
507 2897 624 2960 Gallicis
647 2918 770 2961 neeesse
793 2907 838 2962 est
860 2901 1073 2979 reportaverim
1098 2901 1169 2977 quin
1191 2899 1269 2960 idem
1292 2897 1421 2960 Flaccus

299 3017 366 3061 cum
389 3019 413 3062 a.
432 3006 469 3069 81
488 3021 549 3063 non
572 3021 608 3062 ex
624 3001 715 3062 Galba
739 3009 853 3063 tantum
875 3001 927 3062 sed
950 3020 984 3061 ex
1002 3001 1160 3063 Celtiberis
1175 3019 1292 3081 quoque
1308 3003 1418 3062 trium·

299 3188 521 3196 ...-...-...-........
569 3191 602 3196 ..-

367 3307 410 3371 64)
434 3307 512 3358 Intra
531 3322 617 3358 annos
637 3309 684 3358 100
702 3311 781 3359 1190
798 3307 914 3374 Pighius
934 3304 1050 3371 (Annei.
1069 3309 1120 3362 III.
1144 3323 1171 3372 p·
1190 3306 1251 3374 217)
1272 3313 1298 3358 11
1315 3307 1420 3372 Zumpt

299 3391 388 3456 (siud.
407 3392 486 3443 Rom.
504 3409 530 3458 p.
549 3393 592 3458 25)
612 3396 717 3457 ponunt
734 3392 770 3442 M.
789 3394 917 3444 Porcium
936 3392 1082 3453 Catonem,
1108 3393 1154 3458 qui
1172 3409 1220 3457 pro
1238 3396 1365 3458 praetore
1384 3394 1419 3443 in

299 3475 394 3526 Gallia
411 3467 585 3529 Narbonensi
602 3477 696 3528 111111.
732 3477 810 3539 Quod
828 3479 901 3528 enim
914 3477 1021 3528 Gellius
1039 3475 1126 3544 (noct.
1145 3478 1202 3528 litt.
1217 3479 1256 3537 13,
1270 3479 1302 3528 20
1314 3477 1417 3542 Hertz)

299 3561 378 3611 dicit:
397 3561 436 3612 bie
455 3579 534 3627 nepos
552 3559 680 3627 (Catonis
694 3561 831 3628 Censorii)
846 3565 924 3627 filium
941 3565 1040 3630 quidem
1056 3565 1175 3614 maiorem
1188 3561 1306 3612 Catonem
1317 3561 1416 3626 babuit,

297 3648 406 3697 sednon
417 3662 472 3696 eam
484 3649 527 3714 qai
540 3649 629 3699 Uticae
640 3650 727 3712 periit,
745 3650 793 3699 sed
808 3650 851 3714 qai
866 3665 919 3700 cum
935 3649 1026 3700 aedilis
1043 3655 1070 3698 ei
1086 3650 1180 3698 curulia
1192 3655 1218 3698 et
1228 3653 1336 3712 praetor
1344 3647 1418 3708 fusis-

297 3737 345 3794 set,
362 3733 388 3780 in
407 3732 512 3782 Galliam
530 3733 720 3783 Narbonensem
734 3733 867 3798 profectur
883 3734 919 3784 ibi
934 3734 985 3784 nita
999 3733 1103 3797 functus
1120 3739 1172 3796 est,
1192 3733 1289 3797 Zumpt
1307 3736 1417 3796 censet,

298 3833 359 3868 eam
381 3817 582 3882 profectionem
603 3818 763 3870 necessario
790 3819 902 3885 publice
930 3819 988 3870 sive
1013 3817 1047 3869 ad
1070 3817 1219 3884 regendam
1240 3816 1419 3884 provinciam

298 3919 359 3954 esse
377 3897 545 3967 susceptam.
580 3903 617 3952 At
641 3917 688 3952 eur
711 3919 765 3953 non
785 3905 910 3969 privatus
929 3903 998 3954 Cato
1016 3904 1139 3968 potuerit
1161 3903 1312 3968 proficisci,
1335 3905 1418 3968 equi-

296 3989 357 4040 dem
376 4003 430 4038 non
447 3987 594 4054 intelleg03
618 3988 699 4039 immo
717 3989 742 4038 si
759 4005 808 4054 pro
826 3992 955 4054 praetore
973 3989 1002 4038 in
1019 3990 1192 4053 provinciam
1209 3991 1307 4038 missus
1326 3993 1419 4052 esset,

296 4073 404 4125 Gellius
423 4073 471 4138 qui
487 4072 609 4136 reliquos
628 4074 688 4124 eius
705 4075 885 4140 magistratus
902 4074 1051 4140 diligenter
1067 4076 1186 4134 notavit,
1203 4076 1419 4139 propraetorem

295 4158 398 4209 diserte
422 4149 669 4210 commemorasset.
706 4157 837 4210 Ceterum
858 4159 929 4210 baec
954 4160 1081 4223 quaestio
1104 4175 1165 4210 eum
1189 4158 1265 4209 aliud
1287 4159 1360 4210 nihil
1379 4161 1419 4214 de

295 4243 347 4294 hoc
365 4241 472 4295 Catone
492 4247 608 4306 constet,
627 4245 732 4295 minimi
751 4249 794 4295 111
811 4245 951 4296 momenti.

362 4329 405 4391 65)
424 4329 486 4380 Liv.
505 4330 572 4394 epit.
592 4332 632 4382 73.
731 4377 732 4382 ,

363 4411 406 4475 66)
425 4411 481 4463 Gir.
500 4419 556 4472 not.
573 4417 616 4469 42.
