<?xml version="1.0" encoding="UTF-8"?>
<!DOCTYPE html PUBLIC "-//W3C//DTD XHTML 1.0 Transitional//EN"
    "http://www.w3.org/TR/xhtml1/DTD/xhtml1-transitional.dtd">
<html xmlns="http://www.w3.org/1999/xhtml" xml:lang="en" lang="en">
 <head>
  <title>
</title>
<meta http-equiv="Content-Type" content="text/html;charset=utf-8" />
  <meta name='ocr-system' content='tesseract 3.04.00' />
  <meta name='ocr-capabilities' content='ocr_page ocr_carea ocr_par ocr_line ocrx_word'/>
</head>
<body>
  <div class='ocr_page' id='page_1' title='image "./galliaenarbonen01herzgoog_0126.png"; bbox 0 0 3154 5162; ppageno 0'>
   <div class='ocr_carea' id='block_1_1' title="bbox 311 447 1043 517">
    <p class='ocr_par' dir='ltr' id='par_1_1' title="bbox 311 447 1043 517">
     <span class='ocr_line' id='line_1_1' title="bbox 311 447 1043 517; baseline -0.012 -2"><span class='ocrx_word' id='word_1_1' title='bbox 311 455 371 517; x_wconf 90' lang='lat'>110</span> <span class='ocrx_word' id='word_1_2' title='bbox 508 447 513 454; x_wconf 66' lang='grc'>’</span> <span class='ocrx_word' id='word_1_3' title='bbox 695 449 778 507; x_wconf 86' lang='lat' dir='ltr'>PARS</span> <span class='ocrx_word' id='word_1_4' title='bbox 800 450 819 506; x_wconf 93' lang='lat' dir='ltr'>l.</span> <span class='ocrx_word' id='word_1_5' title='bbox 863 448 969 506; x_wconf 76' lang='lat' dir='ltr'>eleva</span> <span class='ocrx_word' id='word_1_6' title='bbox 991 447 1043 506; x_wconf 86' lang='lat' dir='ltr'>m.-</span> 
     </span>
    </p>
   </div>
   <div class='ocr_carea' id='block_1_2' title="bbox 306 614 1453 1709">
    <p class='ocr_par' dir='ltr' id='par_1_2' title="bbox 306 614 1453 1709">
     <span class='ocr_line' id='line_1_2' title="bbox 309 614 1425 695; baseline -0.005 -15"><span class='ocrx_word' id='word_1_7' title='bbox 309 621 386 680; x_wconf 88' lang='lat' dir='ltr'>cives</span> <span class='ocrx_word' id='word_1_8' title='bbox 408 617 557 680; x_wconf 90' lang='lat' dir='ltr'>Romanos</span> <span class='ocrx_word' id='word_1_9' title='bbox 580 618 632 695; x_wconf 90' lang='lat' dir='ltr'>qni</span> <span class='ocrx_word' id='word_1_10' title='bbox 654 615 765 693; x_wconf 88' lang='lat' dir='ltr'>ubique</span> <span class='ocrx_word' id='word_1_11' title='bbox 792 614 939 692; x_wconf 84' lang='lat' dir='ltr'>degebant</span> <span class='ocrx_word' id='word_1_12' title='bbox 966 617 997 676; x_wconf 90' lang='lat' dir='ltr'>in</span> <span class='ocrx_word' id='word_1_13' title='bbox 1025 615 1177 694; x_wconf 86' lang='lat' dir='ltr'>provincia</span> <span class='ocrx_word' id='word_1_14' title='bbox 1204 614 1425 691; x_wconf 80' lang='lat' dir='ltr'>insignissimus</span> 
     </span>
     <span class='ocr_line' id='line_1_3' title="bbox 308 716 1425 799; baseline -0.004 -19"><span class='ocrx_word' id='word_1_15' title='bbox 308 721 435 799; x_wconf 91' lang='lat' dir='ltr'>quisque</span> <span class='ocrx_word' id='word_1_16' title='bbox 458 725 536 789; x_wconf 91' lang='lat' dir='ltr'>erat,</span> <span class='ocrx_word' id='word_1_17' title='bbox 567 719 603 780; x_wconf 95' lang='lat' dir='ltr'>ad</span> <span class='ocrx_word' id='word_1_18' title='bbox 625 717 756 782; x_wconf 79' lang='lat' dir='ltr'>honores</span> <span class='ocrx_word' id='word_1_19' title='bbox 785 716 917 778; x_wconf 92' lang='lat' dir='ltr'>urbanos</span> <span class='ocrx_word' id='word_1_20' title='bbox 943 722 1111 778; x_wconf 77' lang='lat' dir='ltr'>accesserat</span> <span class='ocrx_word' id='word_1_21' title='bbox 1132 723 1161 776; x_wconf 91' lang='lat' dir='ltr'>et</span> <span class='ocrx_word' id='word_1_22' title='bbox 1183 723 1335 778; x_wconf 80' lang='lat' dir='ltr'>senatores</span> <span class='ocrx_word' id='word_1_23' title='bbox 1358 716 1425 778; x_wconf 86' lang='lat' dir='ltr'>urbi</span> 
     </span>
     <span class='ocr_line' id='line_1_4' title="bbox 308 816 1425 900; baseline -0.004 -18"><span class='ocrx_word' id='word_1_24' title='bbox 308 821 402 882; x_wconf 86' lang='lat' dir='ltr'>Gallia</span> <span class='ocrx_word' id='word_1_25' title='bbox 423 823 577 900; x_wconf 78' lang='lat' dir='ltr'>inceperat</span> <span class='ocrx_word' id='word_1_26' title='bbox 599 819 803 900; x_wconf 85' lang='lat' dir='ltr'>suppeditare,</span> <span class='ocrx_word' id='word_1_27' title='bbox 827 820 900 887; x_wconf 90' lang='lat' dir='ltr'>iam,</span> <span class='ocrx_word' id='word_1_28' title='bbox 925 825 958 878; x_wconf 89' lang='lat' dir='ltr'>ut</span> <span class='ocrx_word' id='word_1_29' title='bbox 978 819 1055 879; x_wconf 86' lang='lat' dir='ltr'>inira</span> <span class='ocrx_word' id='word_1_30' title='bbox 1077 816 1343 887; x_wconf 73' lang='lat' dir='ltr'>demonstrabitur,</span> <span class='ocrx_word' id='word_1_31' title='bbox 1366 835 1425 878; x_wconf 90' lang='lat' dir='ltr'>una</span> 
     </span>
     <span class='ocr_line' id='line_1_5' title="bbox 308 918 1453 1000; baseline -0.002 -18"><span class='ocrx_word' id='word_1_32' title='bbox 308 939 343 983; x_wconf 83' lang='lat' dir='ltr'>ex</span> <span class='ocrx_word' id='word_1_33' title='bbox 368 922 491 984; x_wconf 88' lang='lat' dir='ltr'>coloniis</span> <span class='ocrx_word' id='word_1_34' title='bbox 513 923 621 983; x_wconf 88' lang='lat' dir='ltr'>civium</span> <span class='ocrx_word' id='word_1_35' title='bbox 644 921 862 989; x_wconf 87' lang='lat' dir='ltr'>Romanorum,</span> <span class='ocrx_word' id='word_1_36' title='bbox 892 921 1003 981; x_wconf 89' lang='lat' dir='ltr'>Vienna</span> <span class='ocrx_word' id='word_1_37' title='bbox 1030 919 1067 981; x_wconf 90' lang='lat' dir='ltr'>ab</span> <span class='ocrx_word' id='word_1_38' title='bbox 1095 923 1276 1000; x_wconf 87' lang='lat' dir='ltr'>imperatore</span> <span class='ocrx_word' id='word_1_39' title='bbox 1302 918 1424 981; x_wconf 72' lang='lat' dir='ltr'>Claudio</span> <span class='ocrx_word' id='word_1_40' title='bbox 1451 963 1453 967; x_wconf 27' lang='grc' dir='ltr'>ι</span> 
     </span>
     <span class='ocr_line' id='line_1_6' title="bbox 307 1021 1424 1100; baseline -0.003 -16"><span class='ocrx_word' id='word_1_41' title='bbox 307 1026 346 1084; x_wconf 91' lang='lat' dir='ltr'>ita</span> <span class='ocrx_word' id='word_1_42' title='bbox 368 1022 468 1086; x_wconf 89' lang='lat' dir='ltr'>ltaliae</span> <span class='ocrx_word' id='word_1_43' title='bbox 491 1023 659 1084; x_wconf 90' lang='lat' dir='ltr'>condicioni</span> <span class='ocrx_word' id='word_1_44' title='bbox 681 1028 727 1084; x_wconf 90' lang='lat' dir='ltr'>est</span> <span class='ocrx_word' id='word_1_45' title='bbox 748 1021 881 1091; x_wconf 91' lang='lat' dir='ltr'>admota,</span> <span class='ocrx_word' id='word_1_46' title='bbox 912 1027 943 1081; x_wconf 89' lang='lat' dir='ltr'>nt</span> <span class='ocrx_word' id='word_1_47' title='bbox 964 1022 1062 1100; x_wconf 90' lang='lat' dir='ltr'>ipsum</span> <span class='ocrx_word' id='word_1_48' title='bbox 1083 1023 1131 1082; x_wconf 91' lang='lat' dir='ltr'>ius</span> <span class='ocrx_word' id='word_1_49' title='bbox 1153 1021 1286 1083; x_wconf 85' lang='lat' dir='ltr'>italicum</span> <span class='ocrx_word' id='word_1_50' title='bbox 1308 1023 1424 1100; x_wconf 88' lang='lat' dir='ltr'>accipe·</span> 
     </span>
     <span class='ocr_line' id='line_1_7' title="bbox 307 1121 1424 1203; baseline -0.001 -19"><span class='ocrx_word' id='word_1_51' title='bbox 307 1132 361 1186; x_wconf 88' lang='lat' dir='ltr'>ret</span> <span class='ocrx_word' id='word_1_52' title='bbox 372 1123 406 1203; x_wconf 85' lang='lat'>¹⁵)</span> <span class='ocrx_word' id='word_1_53' title='bbox 451 1125 517 1185; x_wconf 85' lang='lat' dir='ltr'>blox</span> <span class='ocrx_word' id='word_1_54' title='bbox 542 1143 567 1184; x_wconf 89' lang='lat' dir='ltr'>a.</span> <span class='ocrx_word' id='word_1_55' title='bbox 591 1143 620 1203; x_wconf 96' lang='lat' dir='ltr'>p.</span> <span class='ocrx_word' id='word_1_56' title='bbox 634 1122 698 1202; x_wconf 75' lang='lat' dir='ltr'>sp.</span> <span class='ocrx_word' id='word_1_57' title='bbox 722 1128 763 1190; x_wconf 82' lang='grc'>49</span> <span class='ocrx_word' id='word_1_58' title='bbox 791 1122 871 1182; x_wconf 89' lang='lat' dir='ltr'>idem</span> <span class='ocrx_word' id='word_1_59' title='bbox 893 1121 1033 1183; x_wconf 83' lang='lat' dir='ltr'>Claudius</span> <span class='ocrx_word' id='word_1_60' title='bbox 1059 1125 1090 1184; x_wconf 94' lang='lat' dir='ltr'>in</span> <span class='ocrx_word' id='word_1_61' title='bbox 1116 1123 1260 1201; x_wconf 78' lang='lat' dir='ltr'>augendis</span> <span class='ocrx_word' id='word_1_62' title='bbox 1287 1124 1324 1186; x_wconf 90' lang='lat' dir='ltr'>ad</span> <span class='ocrx_word' id='word_1_63' title='bbox 1346 1123 1424 1184; x_wconf 89' lang='lat' dir='ltr'>ltali-</span> 
     </span>
     <span class='ocr_line' id='line_1_8' title="bbox 307 1223 1425 1306; baseline -0.002 -20"><span class='ocrx_word' id='word_1_64' title='bbox 307 1246 374 1288; x_wconf 91' lang='lat' dir='ltr'>cum</span> <span class='ocrx_word' id='word_1_65' title='bbox 397 1226 518 1288; x_wconf 91' lang='lat' dir='ltr'>modum</span> <span class='ocrx_word' id='word_1_66' title='bbox 541 1226 712 1306; x_wconf 91' lang='lat' dir='ltr'>provinciae</span> <span class='ocrx_word' id='word_1_67' title='bbox 733 1230 854 1284; x_wconf 89' lang='lat' dir='ltr'>nostrae</span> <span class='ocrx_word' id='word_1_68' title='bbox 884 1223 1049 1285; x_wconf 90' lang='lat' dir='ltr'>commodis</span> <span class='ocrx_word' id='word_1_69' title='bbox 1077 1223 1201 1286; x_wconf 89' lang='lat' dir='ltr'>ulterius</span> <span class='ocrx_word' id='word_1_70' title='bbox 1227 1224 1425 1304; x_wconf 83' lang='lat' dir='ltr'>progrediens</span> 
     </span>
     <span class='ocr_line' id='line_1_9' title="bbox 306 1324 1424 1405; baseline -0.004 -15"><span class='ocrx_word' id='word_1_71' title='bbox 306 1327 492 1390; x_wconf 90' lang='lat' dir='ltr'>senatoribus</span> <span class='ocrx_word' id='word_1_72' title='bbox 514 1328 583 1388; x_wconf 91' lang='lat' dir='ltr'>inde</span> <span class='ocrx_word' id='word_1_73' title='bbox 606 1329 679 1388; x_wconf 91' lang='lat' dir='ltr'>ortis</span> <span class='ocrx_word' id='word_1_74' title='bbox 702 1325 740 1387; x_wconf 92' lang='lat' dir='ltr'>ob</span> <span class='ocrx_word' id='word_1_75' title='bbox 764 1327 929 1404; x_wconf 78' lang='lat' dir='ltr'>egregiam,</span> <span class='ocrx_word' id='word_1_76' title='bbox 959 1333 992 1386; x_wconf 93' lang='lat' dir='ltr'>ut</span> <span class='ocrx_word' id='word_1_77' title='bbox 1020 1325 1107 1395; x_wconf 82' lang='lat' dir='ltr'>dixit,</span> <span class='ocrx_word' id='word_1_78' title='bbox 1136 1324 1226 1387; x_wconf 90' lang='lat' dir='ltr'>huius</span> <span class='ocrx_word' id='word_1_79' title='bbox 1254 1327 1424 1405; x_wconf 85' lang='lat' dir='ltr'>provinciae</span> 
     </span>
     <span class='ocr_line' id='line_1_10' title="bbox 306 1427 1424 1510; baseline -0.003 -21"><span class='ocrx_word' id='word_1_80' title='bbox 306 1431 337 1490; x_wconf 91' lang='lat' dir='ltr'>in</span> <span class='ocrx_word' id='word_1_81' title='bbox 359 1436 460 1510; x_wconf 89' lang='lat' dir='ltr'>patres</span> <span class='ocrx_word' id='word_1_82' title='bbox 482 1431 679 1490; x_wconf 84' lang='lat' dir='ltr'>reverentiam</span> <span class='ocrx_word' id='word_1_83' title='bbox 706 1428 867 1496; x_wconf 84' lang='lat' dir='ltr'>concessit,</span> <span class='ocrx_word' id='word_1_84' title='bbox 896 1434 929 1487; x_wconf 92' lang='lat' dir='ltr'>nt</span> <span class='ocrx_word' id='word_1_85' title='bbox 957 1427 1060 1488; x_wconf 90' lang='lat' dir='ltr'>eodem</span> <span class='ocrx_word' id='word_1_86' title='bbox 1088 1429 1155 1489; x_wconf 91' lang='lat' dir='ltr'>iure</span> <span class='ocrx_word' id='word_1_87' title='bbox 1184 1445 1242 1505; x_wconf 91' lang='lat' dir='ltr'>quo</span> <span class='ocrx_word' id='word_1_88' title='bbox 1270 1434 1424 1487; x_wconf 88' lang='lat' dir='ltr'>senatores</span> 
     </span>
     <span class='ocr_line' id='line_1_11' title="bbox 307 1515 1423 1609; baseline -0.004 -17"><span class='ocrx_word' id='word_1_89' title='bbox 307 1530 425 1592; x_wconf 86' lang='lat' dir='ltr'>Siciliae</span> <span class='ocrx_word' id='word_1_90' title='bbox 448 1549 509 1592; x_wconf 91' lang='lat' dir='ltr'>non</span> <span class='ocrx_word' id='word_1_91' title='bbox 532 1532 678 1608; x_wconf 82' lang='lat' dir='ltr'>exquisita</span> <span class='ocrx_word' id='word_1_92' title='bbox 700 1515 846 1609; x_wconf 87' lang='lat' dir='ltr'>principis</span> <span class='ocrx_word' id='word_1_93' title='bbox 874 1530 1021 1590; x_wconf 88' lang='lat' dir='ltr'>sententia</span> <span class='ocrx_word' id='word_1_94' title='bbox 1043 1547 1092 1590; x_wconf 86' lang='lat' dir='ltr'>res</span> <span class='ocrx_word' id='word_1_95' title='bbox 1114 1547 1183 1590; x_wconf 87' lang='lat' dir='ltr'>suas</span> <span class='ocrx_word' id='word_1_96' title='bbox 1204 1531 1376 1592; x_wconf 80' lang='lat' dir='ltr'>inviserent</span> <span class='ocrx_word' id='word_1_97' title='bbox 1389 1525 1423 1607; x_wconf 76' lang='grc'>16)</span> 
     </span>
     <span class='ocr_line' id='line_1_12' title="bbox 306 1629 1424 1709; baseline -0.003 -17"><span class='ocrx_word' id='word_1_98' title='bbox 306 1632 440 1709; x_wconf 76' lang='lat' dir='ltr'>lienique</span> <span class='ocrx_word' id='word_1_99' title='bbox 465 1634 541 1693; x_wconf 89' lang='lat' dir='ltr'>sicut</span> <span class='ocrx_word' id='word_1_100' title='bbox 563 1633 599 1693; x_wconf 92' lang='lat' dir='ltr'>de</span> <span class='ocrx_word' id='word_1_101' title='bbox 622 1632 749 1699; x_wconf 89' lang='lat' dir='ltr'>Vienna,</span> <span class='ocrx_word' id='word_1_102' title='bbox 778 1631 817 1692; x_wconf 84' lang='lat' dir='ltr'>ita</span> <span class='ocrx_word' id='word_1_103' title='bbox 846 1631 882 1690; x_wconf 93' lang='lat' dir='ltr'>de</span> <span class='ocrx_word' id='word_1_104' title='bbox 905 1630 1044 1692; x_wconf 86' lang='lat' dir='ltr'>Narbone</span> <span class='ocrx_word' id='word_1_105' title='bbox 1072 1647 1192 1708; x_wconf 92' lang='lat' dir='ltr'>quoque</span> <span class='ocrx_word' id='word_1_106' title='bbox 1213 1631 1318 1692; x_wconf 87' lang='lat' dir='ltr'>llartio</span> <span class='ocrx_word' id='word_1_107' title='bbox 1345 1629 1424 1690; x_wconf 91' lang='lat' dir='ltr'>bene</span> 
     </span>
    </p>
   </div>
   <div class='ocr_carea' id='block_1_3' title="bbox 212 1730 1423 1812">
    <p class='ocr_par' dir='ltr' id='par_1_3' title="bbox 212 1730 1423 1812">
     <span class='ocr_line' id='line_1_13' title="bbox 212 1730 1423 1812; baseline -0.002 -18"><span class='ocrx_word' id='word_1_108' title='bbox 212 1804 215 1812; x_wconf 53' lang='lat'>,</span> <span class='ocrx_word' id='word_1_109' title='bbox 306 1735 451 1794; x_wconf 91' lang='lat' dir='ltr'>meruisse</span> <span class='ocrx_word' id='word_1_110' title='bbox 475 1734 555 1794; x_wconf 93' lang='lat' dir='ltr'>hunc</span> <span class='ocrx_word' id='word_1_111' title='bbox 576 1735 787 1812; x_wconf 87' lang='lat' dir='ltr'>imperatorem</span> <span class='ocrx_word' id='word_1_112' title='bbox 809 1732 878 1793; x_wconf 89' lang='lat' dir='ltr'>inde</span> <span class='ocrx_word' id='word_1_113' title='bbox 901 1740 1032 1812; x_wconf 89' lang='lat' dir='ltr'>apparet,</span> <span class='ocrx_word' id='word_1_114' title='bbox 1057 1733 1136 1809; x_wconf 92' lang='lat' dir='ltr'>quod</span> <span class='ocrx_word' id='word_1_115' title='bbox 1156 1739 1308 1812; x_wconf 90' lang='lat' dir='ltr'>assumpto</span> <span class='ocrx_word' id='word_1_116' title='bbox 1322 1733 1354 1792; x_wconf 91' lang='lat' dir='ltr'>in</span> <span class='ocrx_word' id='word_1_117' title='bbox 1368 1730 1423 1792; x_wconf 91' lang='lat' dir='ltr'>bo·</span> 
     </span>
    </p>
   </div>
   <div class='ocr_carea' id='block_1_4' title="bbox 304 1833 1423 1998">
    <p class='ocr_par' dir='ltr' id='par_1_4' title="bbox 304 1833 1423 1998">
     <span class='ocr_line' id='line_1_14' title="bbox 305 1833 1423 1912; baseline -0.002 -16"><span class='ocrx_word' id='word_1_118' title='bbox 305 1853 410 1896; x_wconf 89' lang='lat' dir='ltr'>norem</span> <span class='ocrx_word' id='word_1_119' title='bbox 433 1834 547 1897; x_wconf 85' lang='lat' dir='ltr'>Claudii</span> <span class='ocrx_word' id='word_1_120' title='bbox 570 1853 647 1896; x_wconf 87' lang='lat' dir='ltr'>novo</span> <span class='ocrx_word' id='word_1_121' title='bbox 670 1834 846 1912; x_wconf 83' lang='lat' dir='ltr'>cognomine</span> <span class='ocrx_word' id='word_1_122' title='bbox 868 1835 928 1894; x_wconf 87' lang='lat' dir='ltr'>iarn</span> <span class='ocrx_word' id='word_1_123' title='bbox 949 1833 1102 1896; x_wconf 88' lang='lat' dir='ltr'>dicebatur</span> <span class='ocrx_word' id='word_1_124' title='bbox 1130 1834 1245 1896; x_wconf 91' lang='lat' dir='ltr'>colonia</span> <span class='ocrx_word' id='word_1_125' title='bbox 1271 1833 1346 1894; x_wconf 91' lang='lat' dir='ltr'>lulia</span> <span class='ocrx_word' id='word_1_126' title='bbox 1368 1833 1423 1894; x_wconf 89' lang='lat' dir='ltr'>Pa·</span> 
     </span>
     <span class='ocr_line' id='line_1_15' title="bbox 304 1935 807 1998; baseline 0 -2"><span class='ocrx_word' id='word_1_127' title='bbox 304 1942 389 1998; x_wconf 91' lang='lat' dir='ltr'>terna</span> <span class='ocrx_word' id='word_1_128' title='bbox 412 1936 531 1998; x_wconf 87' lang='lat' dir='ltr'>Claudia</span> <span class='ocrx_word' id='word_1_129' title='bbox 553 1935 653 1998; x_wconf 92' lang='lat' dir='ltr'>Narbo</span> <span class='ocrx_word' id='word_1_130' title='bbox 675 1935 807 1998; x_wconf 80' lang='lat' dir='ltr'>Martius</span> 
     </span>
    </p>
   </div>
   <div class='ocr_carea' id='block_1_5' title="bbox 302 2069 1433 3065">
    <p class='ocr_par' dir='ltr' id='par_1_5' title="bbox 302 2069 1433 3065">
     <span class='ocr_line' id='line_1_16' title="bbox 389 2069 1424 2152; baseline -0.004 -18"><span class='ocrx_word' id='word_1_131' title='bbox 389 2073 500 2134; x_wconf 84' lang='lat' dir='ltr'>Eodem</span> <span class='ocrx_word' id='word_1_132' title='bbox 522 2080 658 2152; x_wconf 90' lang='lat' dir='ltr'>tempore</span> <span class='ocrx_word' id='word_1_133' title='bbox 686 2072 738 2148; x_wconf 94' lang='lat' dir='ltr'>qui</span> <span class='ocrx_word' id='word_1_134' title='bbox 758 2073 927 2150; x_wconf 87' lang='lat' dir='ltr'>provinciae</span> <span class='ocrx_word' id='word_1_135' title='bbox 955 2069 1072 2132; x_wconf 86' lang='lat' dir='ltr'>finitimi</span> <span class='ocrx_word' id='word_1_136' title='bbox 1099 2079 1184 2134; x_wconf 89' lang='lat' dir='ltr'>erant</span> <span class='ocrx_word' id='word_1_137' title='bbox 1205 2070 1332 2150; x_wconf 93' lang='lat' dir='ltr'>lnalpini</span> <span class='ocrx_word' id='word_1_138' title='bbox 1356 2071 1424 2131; x_wconf 91' lang='lat' dir='ltr'>iure</span> 
     </span>
     <span class='ocr_line' id='line_1_17' title="bbox 305 2169 1423 2253; baseline -0.004 -17"><span class='ocrx_word' id='word_1_139' title='bbox 305 2183 374 2236; x_wconf 91' lang='lat' dir='ltr'>sunt</span> <span class='ocrx_word' id='word_1_140' title='bbox 390 2176 476 2245; x_wconf 88' lang='lat' dir='ltr'>aucti,</span> <span class='ocrx_word' id='word_1_141' title='bbox 494 2182 582 2252; x_wconf 91' lang='lat' dir='ltr'>atque</span> <span class='ocrx_word' id='word_1_142' title='bbox 596 2181 755 2253; x_wconf 85' lang='lat' dir='ltr'>postquam</span> <span class='ocrx_word' id='word_1_143' title='bbox 771 2173 935 2234; x_wconf 83' lang='lat' dir='ltr'>Centrones</span> <span class='ocrx_word' id='word_1_144' title='bbox 951 2179 1089 2252; x_wconf 90' lang='lat' dir='ltr'>utsupra</span> <span class='ocrx_word' id='word_1_145' title='bbox 1106 2171 1144 2252; x_wconf 88' lang='lat' dir='ltr'>(p.</span> <span class='ocrx_word' id='word_1_146' title='bbox 1156 2178 1197 2240; x_wconf 89' lang='grc'>96</span> <span class='ocrx_word' id='word_1_147' title='bbox 1212 2191 1241 2233; x_wconf 95' lang='lat' dir='ltr'>n.</span> <span class='ocrx_word' id='word_1_148' title='bbox 1252 2169 1302 2251; x_wconf 85' lang='grc'>63)</span> <span class='ocrx_word' id='word_1_149' title='bbox 1320 2172 1423 2232; x_wconf 91' lang='lat' dir='ltr'>docui-</span> 
     </span>
     <span class='ocr_line' id='line_1_18' title="bbox 304 2271 1422 2354; baseline -0.004 -15"><span class='ocrx_word' id='word_1_150' title='bbox 304 2296 371 2339; x_wconf 89' lang='lat' dir='ltr'>mus</span> <span class='ocrx_word' id='word_1_151' title='bbox 394 2295 409 2336; x_wconf 90' lang='lat' dir='ltr'>a</span> <span class='ocrx_word' id='word_1_152' title='bbox 431 2276 561 2345; x_wconf 85' lang='lat' dir='ltr'>Claudio,</span> <span class='ocrx_word' id='word_1_153' title='bbox 586 2274 675 2354; x_wconf 84' lang='lat' dir='ltr'>Alpes</span> <span class='ocrx_word' id='word_1_154' title='bbox 697 2275 861 2335; x_wconf 88' lang='lat' dir='ltr'>Maritimae</span> <span class='ocrx_word' id='word_1_155' title='bbox 883 2292 899 2334; x_wconf 92' lang='lat' dir='ltr'>a</span> <span class='ocrx_word' id='word_1_156' title='bbox 921 2271 1095 2352; x_wconf 88' lang='lat' dir='ltr'>Nerone¹⁷),</span> <span class='ocrx_word' id='word_1_157' title='bbox 1120 2276 1156 2336; x_wconf 92' lang='lat' dir='ltr'>ab</span> <span class='ocrx_word' id='word_1_158' title='bbox 1177 2274 1282 2335; x_wconf 92' lang='lat' dir='ltr'>eodem</span> <span class='ocrx_word' id='word_1_159' title='bbox 1302 2274 1422 2335; x_wconf 90' lang='lat' dir='ltr'>Nerone</span> 
     </span>
     <span class='ocr_line' id='line_1_19' title="bbox 303 2372 1422 2456; baseline -0.002 -19"><span class='ocrx_word' id='word_1_160' title='bbox 303 2377 381 2438; x_wconf 91' lang='lat' dir='ltr'>haud</span> <span class='ocrx_word' id='word_1_161' title='bbox 405 2376 494 2438; x_wconf 90' lang='lat' dir='ltr'>dubie</span> <span class='ocrx_word' id='word_1_162' title='bbox 516 2375 604 2456; x_wconf 90' lang='lat' dir='ltr'>Alpes</span> <span class='ocrx_word' id='word_1_163' title='bbox 627 2372 782 2452; x_wconf 82' lang='lat' dir='ltr'>Cottiae¹⁸l</span> <span class='ocrx_word' id='word_1_164' title='bbox 806 2373 920 2436; x_wconf 89' lang='lat' dir='ltr'>Latium</span> <span class='ocrx_word' id='word_1_165' title='bbox 945 2383 1140 2455; x_wconf 85' lang='lat' dir='ltr'>acceperunt,</span> <span class='ocrx_word' id='word_1_166' title='bbox 1167 2379 1225 2436; x_wconf 92' lang='lat' dir='ltr'>iam</span> <span class='ocrx_word' id='word_1_167' title='bbox 1255 2395 1316 2437; x_wconf 93' lang='lat' dir='ltr'>non</span> <span class='ocrx_word' id='word_1_168' title='bbox 1347 2378 1422 2436; x_wconf 82' lang='lat' dir='ltr'>exti-</span> 
     </span>
     <span class='ocr_line' id='line_1_20' title="bbox 303 2476 1422 2555; baseline -0.001 -16"><span class='ocrx_word' id='word_1_169' title='bbox 303 2481 376 2540; x_wconf 90' lang='lat' dir='ltr'>tisse</span> <span class='ocrx_word' id='word_1_170' title='bbox 399 2479 514 2538; x_wconf 86' lang='lat' dir='ltr'>videtur</span> <span class='ocrx_word' id='word_1_171' title='bbox 534 2480 613 2538; x_wconf 91' lang='lat' dir='ltr'>inter</span> <span class='ocrx_word' id='word_1_172' title='bbox 635 2477 746 2539; x_wconf 92' lang='lat' dir='ltr'>ltaliam</span> <span class='ocrx_word' id='word_1_173' title='bbox 769 2485 798 2537; x_wconf 92' lang='lat' dir='ltr'>et</span> <span class='ocrx_word' id='word_1_174' title='bbox 821 2476 943 2538; x_wconf 89' lang='lat' dir='ltr'>Galliam</span> <span class='ocrx_word' id='word_1_175' title='bbox 968 2477 1026 2539; x_wconf 91' lang='lat' dir='ltr'>ulla</span> <span class='ocrx_word' id='word_1_176' title='bbox 1049 2480 1164 2546; x_wconf 89' lang='lat' dir='ltr'>civitas,</span> <span class='ocrx_word' id='word_1_177' title='bbox 1189 2495 1264 2555; x_wconf 90' lang='lat' dir='ltr'>quae</span> <span class='ocrx_word' id='word_1_178' title='bbox 1285 2496 1346 2538; x_wconf 93' lang='lat' dir='ltr'>non</span> <span class='ocrx_word' id='word_1_179' title='bbox 1369 2477 1422 2538; x_wconf 87' lang='lat' dir='ltr'>ali·</span> 
     </span>
     <span class='ocr_line' id='line_1_21' title="bbox 305 2577 1422 2656; baseline -0.001 -16"><span class='ocrx_word' id='word_1_180' title='bbox 305 2596 361 2656; x_wconf 89' lang='lat' dir='ltr'>qua</span> <span class='ocrx_word' id='word_1_181' title='bbox 384 2582 499 2640; x_wconf 89' lang='lat' dir='ltr'>ratione</span> <span class='ocrx_word' id='word_1_182' title='bbox 528 2579 562 2639; x_wconf 90' lang='lat' dir='ltr'>ad</span> <span class='ocrx_word' id='word_1_183' title='bbox 586 2577 718 2640; x_wconf 89' lang='lat' dir='ltr'>Italicum</span> <span class='ocrx_word' id='word_1_184' title='bbox 748 2578 862 2639; x_wconf 87' lang='lat' dir='ltr'>civilem</span> <span class='ocrx_word' id='word_1_185' title='bbox 887 2579 1008 2640; x_wconf 90' lang='lat' dir='ltr'>modum</span> <span class='ocrx_word' id='word_1_186' title='bbox 1032 2586 1112 2640; x_wconf 89' lang='lat' dir='ltr'>esset</span> <span class='ocrx_word' id='word_1_187' title='bbox 1134 2581 1307 2649; x_wconf 89' lang='lat' dir='ltr'>constituta,</span> <span class='ocrx_word' id='word_1_188' title='bbox 1333 2586 1422 2656; x_wconf 89' lang='lat' dir='ltr'>atque</span> 
     </span>
     <span class='ocr_line' id='line_1_22' title="bbox 304 2679 1422 2760; baseline 0 -20"><span class='ocrx_word' id='word_1_189' title='bbox 304 2683 329 2740; x_wconf 92' lang='lat' dir='ltr'>si</span> <span class='ocrx_word' id='word_1_190' title='bbox 351 2697 409 2758; x_wconf 88' lang='lat' dir='ltr'>qua</span> <span class='ocrx_word' id='word_1_191' title='bbox 432 2679 574 2759; x_wconf 87' lang='lat' dir='ltr'>Ligurum</span> <span class='ocrx_word' id='word_1_192' title='bbox 596 2681 766 2760; x_wconf 82' lang='lat' dir='ltr'>provinciae</span> <span class='ocrx_word' id='word_1_193' title='bbox 788 2679 991 2742; x_wconf 88' lang='lat' dir='ltr'>Narbonensis</span> <span class='ocrx_word' id='word_1_194' title='bbox 1018 2699 1088 2759; x_wconf 88' lang='lat' dir='ltr'>pars</span> <span class='ocrx_word' id='word_1_195' title='bbox 1117 2683 1204 2742; x_wconf 91' lang='lat' dir='ltr'>etiam</span> <span class='ocrx_word' id='word_1_196' title='bbox 1231 2686 1300 2760; x_wconf 90' lang='lat' dir='ltr'>post</span> <span class='ocrx_word' id='word_1_197' title='bbox 1321 2685 1422 2758; x_wconf 87' lang='lat' dir='ltr'>Auga-</span> 
     </span>
     <span class='ocr_line' id='line_1_23' title="bbox 304 2766 1433 2861; baseline 0 -19"><span class='ocrx_word' id='word_1_198' title='bbox 304 2789 382 2843; x_wconf 90' lang='lat' dir='ltr'>stum</span> <span class='ocrx_word' id='word_1_199' title='bbox 405 2781 594 2861; x_wconf 89' lang='lat' dir='ltr'>stipendiaria</span> <span class='ocrx_word' id='word_1_200' title='bbox 616 2784 729 2852; x_wconf 90' lang='lat' dir='ltr'>luerat,</span> <span class='ocrx_word' id='word_1_201' title='bbox 757 2787 820 2841; x_wconf 92' lang='lat' dir='ltr'>tum</span> <span class='ocrx_word' id='word_1_202' title='bbox 851 2783 951 2858; x_wconf 87' lang='lat' dir='ltr'>utique</span> <span class='ocrx_word' id='word_1_203' title='bbox 977 2783 1008 2842; x_wconf 94' lang='lat' dir='ltr'>in</span> <span class='ocrx_word' id='word_1_204' title='bbox 1030 2780 1206 2842; x_wconf 87' lang='lat' dir='ltr'>latinitatem</span> <span class='ocrx_word' id='word_1_205' title='bbox 1228 2781 1332 2843; x_wconf 88' lang='lat' dir='ltr'>debuit</span> <span class='ocrx_word' id='word_1_206' title='bbox 1355 2766 1433 2844; x_wconf 81' lang='lat' dir='ltr'>csse</span> 
     </span>
     <span class='ocr_line' id='line_1_24' title="bbox 302 2882 1422 2964; baseline 0.001 -20"><span class='ocrx_word' id='word_1_207' title='bbox 302 2892 431 2964; x_wconf 89' lang='lat' dir='ltr'>recepta.</span> <span class='ocrx_word' id='word_1_208' title='bbox 477 2883 614 2945; x_wconf 83' lang='lat' dir='ltr'>Ceterum</span> <span class='ocrx_word' id='word_1_209' title='bbox 636 2882 754 2962; x_wconf 81' lang='lat' dir='ltr'>Alpium</span> <span class='ocrx_word' id='word_1_210' title='bbox 773 2883 986 2944; x_wconf 89' lang='lat' dir='ltr'>Maritimarum</span> <span class='ocrx_word' id='word_1_211' title='bbox 1008 2884 1159 2944; x_wconf 88' lang='lat' dir='ltr'>territorio</span> <span class='ocrx_word' id='word_1_212' title='bbox 1181 2883 1218 2944; x_wconf 93' lang='lat' dir='ltr'>ab</span> <span class='ocrx_word' id='word_1_213' title='bbox 1239 2883 1422 2962; x_wconf 89' lang='lat' dir='ltr'>imperatore</span> 
     </span>
     <span class='ocr_line' id='line_1_25' title="bbox 303 2984 1421 3065; baseline 0.001 -20"><span class='ocrx_word' id='word_1_214' title='bbox 303 2985 395 3047; x_wconf 83' lang='lat' dir='ltr'>Galba</span> <span class='ocrx_word' id='word_1_215' title='bbox 418 2984 562 3047; x_wconf 91' lang='lat' dir='ltr'>subtracti</span> <span class='ocrx_word' id='word_1_216' title='bbox 584 2991 653 3046; x_wconf 90' lang='lat' dir='ltr'>sunt</span> <span class='ocrx_word' id='word_1_217' title='bbox 673 2985 804 3047; x_wconf 85' lang='lat' dir='ltr'>Avantici</span> <span class='ocrx_word' id='word_1_218' title='bbox 828 2991 857 3044; x_wconf 91' lang='lat' dir='ltr'>et</span> <span class='ocrx_word' id='word_1_219' title='bbox 878 2985 1056 3054; x_wconf 89' lang='lat' dir='ltr'>Bodiontici,</span> <span class='ocrx_word' id='word_1_220' title='bbox 1082 2986 1132 3063; x_wconf 90' lang='lat' dir='ltr'>qni</span> <span class='ocrx_word' id='word_1_221' title='bbox 1154 2985 1269 3046; x_wconf 85' lang='lat' dir='ltr'>lliniam</span> <span class='ocrx_word' id='word_1_222' title='bbox 1291 3004 1349 3065; x_wconf 91' lang='lat' dir='ltr'>pro</span> <span class='ocrx_word' id='word_1_223' title='bbox 1373 3005 1421 3046; x_wconf 90' lang='lat' dir='ltr'>ca-</span> 
     </span>
    </p>
   </div>
   <div class='ocr_carea' id='block_1_6' title="bbox 302 3082 1158 3166">
    <p class='ocr_par' dir='ltr' id='par_1_6' title="bbox 302 3082 1158 3166">
     <span class='ocr_line' id='line_1_26' title="bbox 302 3082 1158 3166; baseline 0 -20"><span class='ocrx_word' id='word_1_224' title='bbox 302 3088 362 3166; x_wconf 90' lang='lat' dir='ltr'>pite</span> <span class='ocrx_word' id='word_1_225' title='bbox 385 3086 528 3147; x_wconf 90' lang='lat' dir='ltr'>habentes</span> <span class='ocrx_word' id='word_1_226' title='bbox 549 3095 669 3148; x_wconf 90' lang='lat' dir='ltr'>nostrae</span> <span class='ocrx_word' id='word_1_227' title='bbox 691 3087 861 3166; x_wconf 83' lang='lat' dir='ltr'>provinciae</span> <span class='ocrx_word' id='word_1_228' title='bbox 883 3092 953 3146; x_wconf 92' lang='lat' dir='ltr'>sunt</span> <span class='ocrx_word' id='word_1_229' title='bbox 973 3085 1114 3146; x_wconf 88' lang='lat' dir='ltr'>adiectae.</span> <span class='ocrx_word' id='word_1_230' title='bbox 1124 3082 1158 3166; x_wconf 77' lang='grc'>19)</span> 
     </span>
    </p>
   </div>
   <div class='ocr_carea' id='block_1_7' title="bbox 297 3371 1421 4459">
    <p class='ocr_par' dir='ltr' id='par_1_7' title="bbox 300 3371 1421 3594">
     <span class='ocr_line' id='line_1_27' title="bbox 370 3371 1421 3440; baseline 0.003 -18"><span class='ocrx_word' id='word_1_231' title='bbox 370 3371 414 3438; x_wconf 80' lang='lat'>15)</span> <span class='ocrx_word' id='word_1_232' title='bbox 432 3373 498 3423; x_wconf 83' lang='lat' dir='ltr'>Tac.</span> <span class='ocrx_word' id='word_1_233' title='bbox 517 3371 586 3424; x_wconf 90' lang='lat' dir='ltr'>Ann.</span> <span class='ocrx_word' id='word_1_234' title='bbox 610 3375 649 3436; x_wconf 88' lang='lat'>11,</span> <span class='ocrx_word' id='word_1_235' title='bbox 669 3375 701 3424; x_wconf 74' lang='lat'>23</span> <span class='ocrx_word' id='word_1_236' title='bbox 719 3389 758 3440; x_wconf 89' lang='lat' dir='ltr'>sq.</span> <span class='ocrx_word' id='word_1_237' title='bbox 794 3374 831 3424; x_wconf 85' lang='lat' dir='ltr'>Et</span> <span class='ocrx_word' id='word_1_238' title='bbox 848 3373 882 3426; x_wconf 91' lang='lat' dir='ltr'>de</span> <span class='ocrx_word' id='word_1_239' title='bbox 900 3373 967 3424; x_wconf 87' lang='lat' dir='ltr'>iuris</span> <span class='ocrx_word' id='word_1_240' title='bbox 984 3373 1116 3424; x_wconf 88' lang='lat' dir='ltr'>honorum</span> <span class='ocrx_word' id='word_1_241' title='bbox 1140 3378 1168 3424; x_wconf 88' lang='lat' dir='ltr'>et</span> <span class='ocrx_word' id='word_1_242' title='bbox 1186 3373 1220 3424; x_wconf 88' lang='lat' dir='ltr'>de</span> <span class='ocrx_word' id='word_1_243' title='bbox 1237 3373 1308 3424; x_wconf 85' lang='lat' dir='ltr'>iuris</span> <span class='ocrx_word' id='word_1_244' title='bbox 1325 3375 1421 3425; x_wconf 87' lang='lat' dir='ltr'>Italici</span> 
     </span>
     <span class='ocr_line' id='line_1_28' title="bbox 301 3457 1421 3527; baseline 0.004 -21"><span class='ocrx_word' id='word_1_245' title='bbox 301 3458 331 3507; x_wconf 89' lang='lat' dir='ltr'>in</span> <span class='ocrx_word' id='word_1_246' title='bbox 347 3472 424 3523; x_wconf 85' lang='lat' dir='ltr'>prov.</span> <span class='ocrx_word' id='word_1_247' title='bbox 441 3457 526 3510; x_wconf 86' lang='lat' dir='ltr'>Narb.</span> <span class='ocrx_word' id='word_1_248' title='bbox 545 3457 652 3508; x_wconf 86' lang='lat' dir='ltr'>ratione</span> <span class='ocrx_word' id='word_1_249' title='bbox 674 3459 750 3508; x_wconf 84' lang='lat' dir='ltr'>infra</span> <span class='ocrx_word' id='word_1_250' title='bbox 771 3458 800 3507; x_wconf 93' lang='lat' dir='ltr'>in</span> <span class='ocrx_word' id='word_1_251' title='bbox 822 3457 1009 3524; x_wconf 88' lang='lat' dir='ltr'>descriptione</span> <span class='ocrx_word' id='word_1_252' title='bbox 1028 3457 1275 3510; x_wconf 80' lang='lat' dir='ltr'>administrationis</span> <span class='ocrx_word' id='word_1_253' title='bbox 1292 3459 1421 3527; x_wconf 85' lang='lat' dir='ltr'>disputa·</span> 
     </span>
     <span class='ocr_line' id='line_1_29' title="bbox 300 3543 398 3594; baseline -0.02 0"><span class='ocrx_word' id='word_1_254' title='bbox 300 3543 398 3594; x_wconf 87' lang='lat' dir='ltr'>bimus.</span> 
     </span>
    </p>

    <p class='ocr_par' dir='ltr' id='par_1_8' title="bbox 369 3625 709 3692">
     <span class='ocr_line' id='line_1_30' title="bbox 369 3625 709 3692; baseline 0.012 -16"><span class='ocrx_word' id='word_1_255' title='bbox 369 3625 412 3692; x_wconf 86' lang='grc'>16)</span> <span class='ocrx_word' id='word_1_256' title='bbox 431 3627 498 3678; x_wconf 85' lang='lat' dir='ltr'>Tac.</span> <span class='ocrx_word' id='word_1_257' title='bbox 516 3626 585 3677; x_wconf 86' lang='lat' dir='ltr'>Ann.</span> <span class='ocrx_word' id='word_1_258' title='bbox 604 3630 649 3692; x_wconf 81' lang='lat'>12,</span> <span class='ocrx_word' id='word_1_259' title='bbox 668 3630 709 3680; x_wconf 84' lang='lat'>23.</span> 
     </span>
    </p>

    <p class='ocr_par' dir='ltr' id='par_1_9' title="bbox 309 3699 625 3775">
     <span class='ocr_line' id='line_1_31' title="bbox 309 3699 625 3775; baseline 0.006 -15"><span class='ocrx_word' id='word_1_260' title='bbox 309 3699 310 3702; x_wconf 76' lang='grc'>’</span> <span class='ocrx_word' id='word_1_261' title='bbox 369 3710 501 3774; x_wconf 83' lang='lat' dir='ltr'>17)1bid.</span> <span class='ocrx_word' id='word_1_262' title='bbox 520 3714 564 3775; x_wconf 80' lang='lat' dir='ltr'>aa,</span> <span class='ocrx_word' id='word_1_263' title='bbox 584 3715 625 3763; x_wconf 83' lang='lat' dir='ltr'>aa.</span> 
     </span>
    </p>

    <p class='ocr_par' dir='ltr' id='par_1_10' title="bbox 297 3795 1419 4286">
     <span class='ocr_line' id='line_1_32' title="bbox 368 3795 1418 3864; baseline 0.006 -18"><span class='ocrx_word' id='word_1_264' title='bbox 368 3795 411 3862; x_wconf 89' lang='lat'>18)</span> <span class='ocrx_word' id='word_1_265' title='bbox 431 3796 505 3850; x_wconf 83' lang='lat' dir='ltr'>Suet.</span> <span class='ocrx_word' id='word_1_266' title='bbox 524 3797 596 3847; x_wconf 87' lang='lat' dir='ltr'>Nero</span> <span class='ocrx_word' id='word_1_267' title='bbox 615 3798 660 3848; x_wconf 81' lang='lat'>18:</span> <span class='ocrx_word' id='word_1_268' title='bbox 685 3799 795 3863; x_wconf 73' lang='lat' dir='ltr'>Regnum</span> <span class='ocrx_word' id='word_1_269' title='bbox 812 3826 844 3835; x_wconf 97' lang='lat'>—</span> <span class='ocrx_word' id='word_1_270' title='bbox 866 3798 969 3863; x_wconf 81' lang='lat' dir='ltr'>Alpium</span> <span class='ocrx_word' id='word_1_271' title='bbox 986 3799 1106 3862; x_wconf 85' lang='lat' dir='ltr'>defuncto</span> <span class='ocrx_word' id='word_1_272' title='bbox 1126 3798 1208 3849; x_wconf 81' lang='lat' dir='ltr'>Cottio</span> <span class='ocrx_word' id='word_1_273' title='bbox 1224 3800 1251 3848; x_wconf 89' lang='lat' dir='ltr'>in</span> <span class='ocrx_word' id='word_1_274' title='bbox 1265 3802 1418 3864; x_wconf 83' lang='lat' dir='ltr'>provinciae</span> 
     </span>
     <span class='ocr_line' id='line_1_33' title="bbox 298 3880 1419 3949; baseline 0.004 -17"><span class='ocrx_word' id='word_1_275' title='bbox 298 3883 405 3946; x_wconf 79' lang='lat' dir='ltr'>sennam</span> <span class='ocrx_word' id='word_1_276' title='bbox 417 3882 526 3946; x_wconf 74' lang='lat' dir='ltr'>redegit.</span> <span class='ocrx_word' id='word_1_277' title='bbox 562 3881 621 3943; x_wconf 81' lang='lat' dir='ltr'>Quo</span> <span class='ocrx_word' id='word_1_278' title='bbox 640 3880 701 3932; x_wconf 92' lang='lat' dir='ltr'>loco</span> <span class='ocrx_word' id='word_1_279' title='bbox 715 3897 881 3949; x_wconf 88' lang='lat' dir='ltr'>quamquam</span> <span class='ocrx_word' id='word_1_280' title='bbox 900 3883 933 3934; x_wconf 90' lang='lat' dir='ltr'>de</span> <span class='ocrx_word' id='word_1_281' title='bbox 951 3884 1010 3934; x_wconf 89' lang='lat' dir='ltr'>iure</span> <span class='ocrx_word' id='word_1_282' title='bbox 1023 3883 1100 3934; x_wconf 88' lang='lat' dir='ltr'>Latii</span> <span class='ocrx_word' id='word_1_283' title='bbox 1112 3882 1182 3933; x_wconf 89' lang='lat' dir='ltr'>nihil</span> <span class='ocrx_word' id='word_1_284' title='bbox 1194 3881 1303 3944; x_wconf 88' lang='lat' dir='ltr'>dicitur,</span> <span class='ocrx_word' id='word_1_285' title='bbox 1322 3889 1419 3936; x_wconf 85' lang='lat' dir='ltr'>tamen</span> 
     </span>
     <span class='ocr_line' id='line_1_34' title="bbox 298 3965 1416 4034; baseline 0.003 -17"><span class='ocrx_word' id='word_1_286' title='bbox 298 3967 451 4018; x_wconf 83' lang='lat' dir='ltr'>verisimile</span> <span class='ocrx_word' id='word_1_287' title='bbox 475 3969 529 4025; x_wconf 87' lang='lat' dir='ltr'>est,</span> <span class='ocrx_word' id='word_1_288' title='bbox 552 3965 638 4030; x_wconf 85' lang='lat' dir='ltr'>Alpes</span> <span class='ocrx_word' id='word_1_289' title='bbox 657 3965 766 4018; x_wconf 80' lang='lat' dir='ltr'>Cottiae</span> <span class='ocrx_word' id='word_1_290' title='bbox 785 3984 817 4019; x_wconf 90' lang='lat' dir='ltr'>eo</span> <span class='ocrx_word' id='word_1_291' title='bbox 835 3969 906 4030; x_wconf 87' lang='lat' dir='ltr'>iure,</span> <span class='ocrx_word' id='word_1_292' title='bbox 931 3969 1002 4034; x_wconf 91' lang='lat' dir='ltr'>quod</span> <span class='ocrx_word' id='word_1_293' title='bbox 1025 3967 1111 4018; x_wconf 87' lang='lat' dir='ltr'>Plinii</span> <span class='ocrx_word' id='word_1_294' title='bbox 1134 3972 1229 4020; x_wconf 88' lang='lat' dir='ltr'>aetate</span> <span class='ocrx_word' id='word_1_295' title='bbox 1253 3967 1333 4032; x_wconf 85' lang='lat' dir='ltr'>(bist.</span> <span class='ocrx_word' id='word_1_296' title='bbox 1356 3975 1416 4020; x_wconf 88' lang='lat' dir='ltr'>nat.</span> 
     </span>
     <span class='ocr_line' id='line_1_35' title="bbox 299 4051 1418 4119; baseline 0.003 -16"><span class='ocrx_word' id='word_1_297' title='bbox 299 4055 322 4112; x_wconf 87' lang='lat'>3,</span> <span class='ocrx_word' id='word_1_298' title='bbox 341 4051 385 4116; x_wconf 80' lang='lat'>24)</span> <span class='ocrx_word' id='word_1_299' title='bbox 403 4051 572 4113; x_wconf 87' lang='lat' dir='ltr'>babuerunt,</span> <span class='ocrx_word' id='word_1_300' title='bbox 592 4065 654 4100; x_wconf 87' lang='lat' dir='ltr'>cum</span> <span class='ocrx_word' id='word_1_301' title='bbox 671 4065 726 4102; x_wconf 90' lang='lat' dir='ltr'>non</span> <span class='ocrx_word' id='word_1_302' title='bbox 742 4052 818 4104; x_wconf 90' lang='lat' dir='ltr'>bello</span> <span class='ocrx_word' id='word_1_303' title='bbox 837 4053 968 4104; x_wconf 85' lang='lat' dir='ltr'>subactae</span> <span class='ocrx_word' id='word_1_304' title='bbox 987 4057 1088 4114; x_wconf 82' lang='lat' dir='ltr'>essent,</span> <span class='ocrx_word' id='word_1_305' title='bbox 1107 4054 1201 4105; x_wconf 90' lang='lat' dir='ltr'>eodem</span> <span class='ocrx_word' id='word_1_306' title='bbox 1219 4057 1343 4119; x_wconf 87' lang='lat' dir='ltr'>ternpore</span> <span class='ocrx_word' id='word_1_307' title='bbox 1361 4069 1418 4118; x_wconf 90' lang='lat' dir='ltr'>quo</span> 
     </span>
     <span class='ocr_line' id='line_1_36' title="bbox 297 4135 1417 4204; baseline 0.003 -18"><span class='ocrx_word' id='word_1_308' title='bbox 297 4137 327 4186; x_wconf 92' lang='lat' dir='ltr'>in</span> <span class='ocrx_word' id='word_1_309' title='bbox 344 4135 516 4202; x_wconf 87' lang='lat' dir='ltr'>provinciam</span> <span class='ocrx_word' id='word_1_310' title='bbox 533 4135 665 4185; x_wconf 86' lang='lat' dir='ltr'>redactae</span> <span class='ocrx_word' id='word_1_311' title='bbox 682 4141 747 4186; x_wconf 86' lang='lat' dir='ltr'>sunt</span> <span class='ocrx_word' id='word_1_312' title='bbox 765 4137 880 4188; x_wconf 86' lang='lat' dir='ltr'>donatos</span> <span class='ocrx_word' id='word_1_313' title='bbox 900 4153 960 4188; x_wconf 89' lang='lat' dir='ltr'>esse</span> <span class='ocrx_word' id='word_1_314' title='bbox 979 4139 1014 4188; x_wconf 89' lang='lat' dir='ltr'>ab</span> <span class='ocrx_word' id='word_1_315' title='bbox 1034 4139 1130 4190; x_wconf 88' lang='lat' dir='ltr'>eodem</span> <span class='ocrx_word' id='word_1_316' title='bbox 1141 4139 1277 4204; x_wconf 81' lang='lat' dir='ltr'>principe,</span> <span class='ocrx_word' id='word_1_317' title='bbox 1297 4140 1345 4204; x_wconf 92' lang='lat' dir='ltr'>qui</span> <span class='ocrx_word' id='word_1_318' title='bbox 1356 4140 1417 4190; x_wconf 82' lang='lat' dir='ltr'>Ma-</span> 
     </span>
     <span class='ocr_line' id='line_1_37' title="bbox 297 4219 822 4286; baseline 0.006 -17"><span class='ocrx_word' id='word_1_319' title='bbox 297 4221 398 4272; x_wconf 88' lang='lat' dir='ltr'>ritimis</span> <span class='ocrx_word' id='word_1_320' title='bbox 416 4219 533 4286; x_wconf 81' lang='lat' dir='ltr'>Alpibus</span> <span class='ocrx_word' id='word_1_321' title='bbox 552 4219 720 4271; x_wconf 85' lang='lat' dir='ltr'>latinitatem</span> <span class='ocrx_word' id='word_1_322' title='bbox 738 4221 822 4274; x_wconf 90' lang='lat' dir='ltr'>dedit.</span> 
     </span>
    </p>

    <p class='ocr_par' dir='ltr' id='par_1_11' title="bbox 297 4304 1420 4459">
     <span class='ocr_line' id='line_1_38' title="bbox 367 4304 1420 4374; baseline 0.006 -20"><span class='ocrx_word' id='word_1_323' title='bbox 367 4304 409 4368; x_wconf 82' lang='lat'>19)</span> <span class='ocrx_word' id='word_1_324' title='bbox 428 4305 501 4355; x_wconf 90' lang='lat' dir='ltr'>Plin.</span> <span class='ocrx_word' id='word_1_325' title='bbox 519 4307 547 4366; x_wconf 87' lang='grc'>3,</span> <span class='ocrx_word' id='word_1_326' title='bbox 566 4305 594 4354; x_wconf 84' lang='lat'>5:</span> <span class='ocrx_word' id='word_1_327' title='bbox 614 4307 709 4356; x_wconf 83' lang='lat' dir='ltr'>adiecit</span> <span class='ocrx_word' id='word_1_328' title='bbox 717 4307 843 4369; x_wconf 81' lang='lat' dir='ltr'>formulae</span> <span class='ocrx_word' id='word_1_329' title='bbox 862 4305 911 4371; x_wconf 90' lang='lat' dir='ltr'>(sc.</span> <span class='ocrx_word' id='word_1_330' title='bbox 929 4309 1091 4374; x_wconf 88' lang='lat' dir='ltr'>provinciae</span> <span class='ocrx_word' id='word_1_331' title='bbox 1108 4307 1312 4372; x_wconf 83' lang='lat' dir='ltr'>Narbonensis)</span> <span class='ocrx_word' id='word_1_332' title='bbox 1334 4310 1420 4360; x_wconf 82' lang='lat' dir='ltr'>Galba</span> 
     </span>
     <span class='ocr_line' id='line_1_39' title="bbox 297 4389 1419 4459; baseline 0.007 -21"><span class='ocrx_word' id='word_1_333' title='bbox 297 4389 437 4453; x_wconf 84' lang='lat' dir='ltr'>imperator</span> <span class='ocrx_word' id='word_1_334' title='bbox 448 4405 483 4440; x_wconf 72' lang='lat' dir='ltr'>ecc</span> <span class='ocrx_word' id='word_1_335' title='bbox 496 4390 623 4454; x_wconf 81' lang='lat' dir='ltr'>Inalpinis</span> <span class='ocrx_word' id='word_1_336' title='bbox 635 4391 774 4441; x_wconf 80' lang='lat' dir='ltr'>Avesticos</span> <span class='ocrx_word' id='word_1_337' title='bbox 785 4398 862 4457; x_wconf 82' lang='lat' dir='ltr'>atque</span> <span class='ocrx_word' id='word_1_338' title='bbox 873 4391 1053 4454; x_wconf 83' lang='lat' dir='ltr'>Bodionticos,</span> <span class='ocrx_word' id='word_1_339' title='bbox 1072 4409 1177 4459; x_wconf 84' lang='lat' dir='ltr'>qnorum</span> <span class='ocrx_word' id='word_1_340' title='bbox 1193 4395 1314 4458; x_wconf 79' lang='lat' dir='ltr'>oppidum</span> <span class='ocrx_word' id='word_1_341' title='bbox 1326 4395 1419 4447; x_wconf 81' lang='lat' dir='ltr'>Dinia.</span> 
     </span>
    </p>
   </div>
   <div class='ocr_carea' id='block_1_8' title="bbox 0 0 1582 5160">
    <p class='ocr_par' dir='ltr' id='par_1_12' title="bbox 0 0 1582 5160">
     <span class='ocr_line' id='line_1_40' title="bbox 0 0 1582 5160; baseline 0 0"><span class='ocrx_word' id='word_1_342' title='bbox 0 0 1582 5160; x_wconf 95' lang='lat' dir='ltr'> </span> 
     </span>
    </p>
   </div>
   <div class='ocr_carea' id='block_1_9' title="bbox 1571 1081 1583 2588">
    <p class='ocr_par' dir='ltr' id='par_1_13' title="bbox 1571 1081 1583 2588">
     <span class='ocr_line' id='line_1_41' title="bbox 1571 1081 1583 2588; baseline 0 0"><span class='ocrx_word' id='word_1_343' title='bbox 1571 1081 1583 2588; x_wconf 95' lang='lat' dir='ltr'> </span> 
     </span>
    </p>
   </div>
  </div>
 </body>
</html>
