3184 5162
517 462 611 532 ,Plus
631 475 651 530 l.
696 473 801 532 CAPVT
821 475 840 532 l.
1196 479 1235 539 61
1256 493 1276 526 Ν

117 635 259 704 thesauro
267 631 303 719 515)
327 640 554 720 provincialium
582 643 696 704 animos
719 640 918 709 exacerbavit,
948 639 1000 702 sed
1029 647 1132 703 contra
1160 641 1237 702 Cim-

117 743 188 819 bros
212 760 332 822 qnoque
361 741 411 802 ille
439 745 616 821 praesertim
644 743 679 804 ad
709 742 818 805 malum
849 745 960 804 exitum
988 761 1059 804 rem
1075 743 1238 804 Romanam
1276 758 1279 763 ·
1335 763 1337 767 ’

117 845 269 925 perduxit.
315 845 393 906 Dum
410 847 488 906 enim
505 847 536 906 in
560 845 718 907 Volcarum
733 847 823 906 etiam
846 863 917 924 agro
935 845 1092 924 Caepionis
1109 863 1236 924 procon-

118 947 192 1008 sulis
207 948 357 1008 exercitus
374 948 556 1016 constiterat,
574 947 790 1008 consolantem
801 947 916 1009 Malhus
928 950 959 1008 in
974 948 1092 1008 sinistra
1105 946 1239 1031 Rhodani

119 1068 152 1111 se
175 1056 314 1110 tenuerat
335 1051 414 1128 ripa,
441 1047 553 1110 Cimbri
573 1051 605 1110 in
626 1049 821 1128 Allobrogum
843 1043 917 1110 fines
938 1051 1140 1128 irrumpentes
1163 1051 1238 1109 vice-

118 1158 189 1212 rant
210 1153 342 1230 primum
357 1151 394 1212 M.
410 1151 558 1213 Scaurum
576 1151 774 1222 consularem,
799 1153 851 1229 qni
865 1151 997 1213 consulis
1011 1151 1126 1229 legatus
1141 1153 1238 1230 primo

120 1253 252 1314 hostium
274 1255 400 1332 impetui
423 1253 559 1315 obiectus
583 1261 660 1322 erat,
691 1261 720 1314 et
748 1253 855 1314 deinde
884 1261 987 1314 contra
1012 1255 1110 1333 ipsum
1133 1241 1239 1314 consu-

119 1356 182 1416 lem
204 1372 236 1416 se
259 1361 422 1415 moverant.
468 1355 544 1416 Tum
568 1355 675 1436 Caepio
699 1375 715 1416 a
738 1355 861 1418 consule
883 1355 1041 1417 advocatus
1063 1355 1239 1416 Rhodanum

121 1447 242 1534 quidem
272 1475 339 1517 cnm
369 1459 502 1518 exercitu
530 1458 641 1527 traicit,
670 1457 723 1518 sed
751 1459 890 1519 continua
919 1459 1108 1518 contentione
1138 1465 1167 1517 et
1193 1459 1238 1517 in·

118 1558 283 1619 vidiacum
306 1557 419 1636 collega
442 1577 497 1620 suo
521 1565 648 1630 certans,
673 1561 804 1639 primum
826 1577 886 1638 quo
908 1561 1006 1619 minus
1021 1559 1139 1619 fortiter
1162 1566 1238 1638 agat,

121 1679 193 1722 eum
216 1667 359 1728 moratur,
384 1659 491 1721 deinde
513 1679 581 1721 curn
598 1663 713 1722 interea
736 1660 848 1722 Cimbri
871 1660 905 1721 ad
928 1661 1122 1722 drausionem
1145 1678 1240 1738 nsqoe

119 1763 277 1842 progressi
306 1768 420 1832 essent,
451 1763 548 1822 territi
578 1768 677 1823 antem
705 1763 868 1824 maioribus
896 1781 983 1842 qnam
1014 1769 1241 1842 expectaverant

10 1947 11 1952 ἵ
119 1865 325 1926 Romanorum
354 1862 467 1925 viribus
498 1864 597 1924 denuo
632 1865 669 1925 de
697 1883 770 1943 pace
804 1867 974 1944 coepissent
1008 1883 1112 1944 agere,
1148 1867 1239 1926 inter·

119 1966 238 2044 rumpit
260 1965 439 2044 colloquium
470 1965 584 2027 dehac
612 1984 646 2027 re
674 1967 798 2036 iactum,
830 1974 859 2027 et
886 1973 1043 2027 consecuta
1073 1973 1118 2026 est
1146 1965 1241 2044 pridie

11 2053 12 2056 ¹
119 2069 224 2132 Nonas
247 2066 392 2129 Octobres
412 2087 437 2129 a.
457 2074 516 2135 105
540 2068 642 2129 inlelix
664 2067 714 2128 illa
736 2068 814 2148 apud
829 2069 1024 2130 drausionem
1046 2085 1159 2147 pugna,
1184 2085 1241 2144 qna

120 2170 184 2230 dno
217 2171 372 2249 permagni
408 2171 557 2231 exercitus
585 2170 710 2230 Romani
743 2177 803 2231 tam
837 2169 970 2230 lnnditns
1005 2171 1099 2230 eversi
1128 2177 1197 2230 sont
1226 2189 1240 2230 a

120 2269 269 2340 barbaris,
294 2278 327 2331 ut
349 2271 452 2332 decem
475 2271 681 2332 tantummodo
696 2269 841 2341 homines,
866 2273 917 2349 qui
940 2273 1082 2332 miserum
1105 2273 1240 2331 nuntium
1295 2318 1298 2324 .

121 2367 331 2452 reportarent,
367 2359 551 2453 superfuisse
583 2369 810 2452 conmmanit)
861 2373 959 2434 Nihilo
988 2375 1085 2434 minus
1112 2392 1150 2434 ne
1180 2357 1258 2433 tom

121 2474 247 2554 quidem
269 2473 381 2535 Cimbri
403 2477 433 2536 in
456 2475 570 2537 ltaliam
593 2483 734 2536 conantes
756 2475 905 2546 invadere,
930 2476 982 2536 sed
1005 2475 1086 2536 nullo
1110 2477 1242 2535 exercitu

120 2578 285 2638 resistente
308 2576 493 2638 occidentem
515 2595 620 2639 versus
635 2579 753 2656 agmina
767 2597 821 2644 ,sna
837 2585 989 2638 moventes
1012 2579 1132 2638 vastatis
1148 2579 1242 2636 omni-

121 2678 181 2739 hns
210 2696 287 2758 quae
313 2680 392 2738 inter
419 2678 594 2740 Rhodanum
627 2685 656 2740 et
682 2681 867 2760 Pyrenaeum
898 2687 982 2741 erant
1014 2681 1044 2738 in
1072 2679 1243 2757 Hispaniam

121 2787 196 2842 sunt
227 2781 415 2858 transgressi.
461 2781 584 2842 Interim
603 2792 679 2842 cum
707 2782 818 2842 Romae
845 2783 923 2841 inter
950 2781 1062 2841 lnctnm
1091 2779 1242 2859 publicum

123 2889 153 2942 et
177 2888 328 2942 terrorem
354 2899 453 2961 pugna
477 2884 650 2944 transiensi
676 2884 837 2943 excitatum
859 2882 968 2944 Marios
995 2889 1028 2942 nt
1055 2881 1157 2942 ultima
1184 2883 1243 2942 rei·

121 2982 264 3064 publicae
292 3002 361 3063 spes
394 2983 497 3046 consul
529 2986 624 3047 factus
658 2992 735 3046 esset
769 2991 798 3045 et
829 2983 959 3062 gerendo
992 2983 1069 3043 bello
1097 2982 1244 3043 Cimbrico

121 3087 331 3165 praepositus,
359 3085 457 3147 denuo
486 3089 517 3147 in
544 3089 714 3167 provinciae
748 3085 959 3165 Transalpioae
988 3084 1051 3145 solo
1084 3103 1243 3164 praepara·

121 3195 191 3248 tum
214 3195 261 3247 est
282 3205 435 3249 armorum
463 3188 624 3250 discrimen
646 3189 739 3250 Mario
761 3207 786 3249 a.
812 3194 873 3255 104
901 3186 989 3267 Alpes
1017 3205 1083 3247 cum
1113 3189 1243 3247 exercitu

123 3275 342 3367 transgresso,
357 3289 409 3349 ubi
432 3297 618 3370 expectaret,
648 3290 718 3351 dum
746 3289 848 3350 hostes
878 3309 914 3350 ex
937 3290 1076 3369 Hispania
1099 3288 1242 3349 redirent.

121 3391 181 3452 llic
206 3408 276 3451 vero
299 3389 382 3452 valde
405 3389 610 3453 labefactatam
633 3393 744 3454 invenit
766 3392 974 3470 indigenarum
1002 3409 1072 3470 erga
1094 3391 1245 3452 Romanos

121 3493 232 3561 iidem,
256 3491 436 3554 rebehantes
459 3493 571 3573 Copillo
599 3495 675 3555 duce
697 3491 937 3572 Tectosages⁵⁷),
963 3492 1078 3554 hostilia
1101 3495 1245 3570 agitantes

122 3685 155 3692 .-

197 3797 241 3862 55)
259 3799 302 3850 De
326 3795 393 3852 auro
411 3799 548 3875 Tolosano
565 3801 682 3866 primum
705 3817 722 3852 a
741 3762 880 3867 Caepione
899 3800 1017 3852 Tolosae
1035 3801 1065 3851 in
1082 3815 1160 3851 usum
1178 3801 1246 3866 reip.

121 3885 272 3936 Romanae
292 3889 387 3951 capto,
403 3884 511 3946 ¹deinde
534 3887 656 3952 pervim
674 3887 703 3936 in
721 3901 799 3937 snum
817 3901 895 3936 nsum
915 3885 1010 3936 ablato
1030 3890 1116 3950 agunt
1135 3883 1192 3934 Cic.
1212 3886 1245 3934 de

120 3975 185 4022 net.
207 3967 281 4022 deor.
300 3972 329 4030 3,
348 3973 394 4030 30,
414 3971 455 4024 74.
492 3969 591 4022 Strabo
614 3971 661 4024 IV.
686 3986 712 4036 p.
732 3971 790 4023 188.
826 3970 923 4021 lustin.
946 3972 992 4034 32,
1012 3972 1036 4023 3.
1078 3968 1149 4022 Gall.
1172 3973 1245 4019 noct.

120 4055 185 4109 Aac.
205 4056 230 4118 3,
250 4055 274 4108 9.

131 4173 134 4178 ·
199 4154 242 4219 56)
263 4156 306 4206 De
329 4169 423 4223 pugna
441 4157 604 4210 Arausiensi
623 4162 650 4209 et
668 4158 704 4208 iia
723 4173 793 4222 quae
813 4159 1023 4208 antecesserunt
1041 4153 1104 4206 vide
1122 4169 1246 4219 praeser-

119 4243 178 4294 tim
203 4241 264 4291 Liv.
290 4241 357 4307 epit.
377 4242 417 4294 67.
458 4243 512 4295 Dio
535 4242 613 4295 Casa.
636 4244 717 4308 frgm.
741 4244 773 4292 91
794 4241 880 4292 Beck.
921 4240 999 4290 Oros.
1024 4243 1052 4301 5,
1079 4240 1118 4288 16.
1160 4238 1245 4290 Gran·

119 4326 270 4380 Liciniam.
288 4341 316 4392 p.
334 4327 366 4376 17
384 4327 472 4378 Bonn.

198 4426 242 4494 57)
260 4427 402 4480 Plutarch.
420 4429 497 4483 Sulla
514 4432 540 4484 4.
