3184 5162
280 441 317 488 Vl

280 593 350 660 sive
371 592 594 660 institutorum
615 596 697 662 ratio
720 594 958 662 describeretur
986 618 1029 662 ex
1049 598 1316 683 inscriptionibus
1339 621 1398 684 per

281 694 402 782 oppida
416 695 580 778 ordinatis,
602 705 639 760 ut
661 707 693 762 et
715 720 798 786 quae
813 699 945 783 propria
966 698 1106 763 fuissent
1119 699 1196 764 huic
1210 701 1401 786 provinciae-

279 799 356 862 inde
383 799 621 883 perspiceretur
649 808 681 864 et
711 801 810 863 totius
837 800 965 885 imperii
992 799 1129 864 Romani
1156 802 1303 867 condicio
1332 825 1399 866 una

281 900 375 988 quasi
396 900 538 984 imagine
560 909 598 964 ut
618 901 741 966 minore
770 910 802 966 et
824 903 1010 988 angustiore
1032 902 1203 986 ita'magis
1224 905 1398 989 perspicua

280 1010 314 1066 et
334 1023 490 1087 expressa
517 1002 619 1067 oculis
646 1013 888 1088 proponeretur.
934 1003 1098 1090 Apparuit
1126 1013 1248 1085 autem,
1278 1006 1306 1068 si
1333 1028 1399 1090 qua

281 1112 367 1168 esset
394 1103 580 1190 provincia,
608 1127 691 1191 quae
721 1105 817 1168 simul
843 1105 1010 1171 materiem
1038 1105 1131 1170 daret
1157 1106 1325 1191 augendae
1350 1109 1398 1171 rei

281 1205 526 1290 epigraphioae,
550 1205 741 1290 colligendis
769 1208 983 1272 monumentis
1004 1208 1169 1293 inscriptis
1191 1207 1335 1272 nondum
1356 1208 1399 1272 ad

280 1328 381 1370 unum
403 1328 520 1392 corpus
542 1308 673 1388 coactis,
698 1329 768 1372 eam
790 1309 922 1394 reliquis
946 1329 1016 1374 esse
1038 1308 1296 1394 praeferendam.
1336 1309 1397 1374 Ta-

281 1408 320 1473 lis
350 1416 458 1472 autem
486 1417 535 1474 est
563 1407 732 1494 provincia
749 1409 869 1477 ,Gallia
898 1409 1138 1490 Narbonensis,
1165 1411 1304 1495 insignis
1334 1433 1398 1476 non

281 1509 386 1574 solum
408 1509 624 1576 ornatioribus
647 1510 812 1576 Romanae
835 1511 914 1576 artis
935 1512 1161 1592 monumentis,
1183 1513 1240 1576 sed
1261 1512 1398 1598 insignis

280 1611 378 1675 etiam
399 1633 519 1695 magna
539 1613 634 1696 copia
655 1611 800 1698 lapidum
821 1613 1059 1698 inscriptorum,
1082 1613 1138 1699 qui
1159 1614 1225 1678 iam
1241 1612 1398 1699 Scaligeri

281 1721 387 1778 aetate
414 1715 559 1778 virorum
587 1712 753 1778 doctorum
779 1715 813 1778 in
842 1735 876 1778 se
905 1724 1133 1780 converterunt
1155 1713 1279 1795 oculos,
1302 1715 1398 1780 hodie

281 1823 389 1879 autem
411 1814 584 1898 diligenter
612 1815 743 1902 quidem
770 1838 829 1900 per
857 1815 987 1900 singula
1015 1818 1084 1881 eius
1115 1815 1255 1900 regionis
1280 1816 1399 1902 oppida

222 1907 223 1910 ¹
279 1917 314 1982 in
329 1914 448 1980 muscis
470 1927 689 2002 congeruntur
710 1925 743 1982 et
764 1925 1007 1998 conservantur,
1032 1917 1195 2009 anemine
1210 1926 1319 1982 tamen
1333 1941 1399 1984 una

280 2017 468 2084 collectione
496 2027 572 2083 sunt
600 2019 687 2086 editi.
739 2019 842 2084 Simul
874 2040 948 2083 curn
979 2019 1044 2083 alia
1076 2039 1204 2106 quoque
1231 2021 1399 2102 commoda

279 2121 438 2207 praebere
462 2121 629 2186 videretur
651 2119 890 2202 Narbonensis,
920 2122 983 2186 sita
1010 2123 1044 2186 in
1075 2129 1169 2206 parte
1190 2122 1319 2208 imperii
1348 2145 1398 2188 oc-

281 2222 452 2302 cidentali,
481 2223 538 2286 ubi
561 2245 644 2308 quae
673 2224 758 2286 inter
787 2222 943 2287 barbaras
967 2231 1080 2306 gentes
1103 2222 1288 2286 inciderunt
1309 2225 1399 2288 insti-

278 2314 352 2389 tuta
373 2322 528 2402 Romana,
553 2323 738 2388 efficaciora
760 2333 851 2387 erant
878 2345 976 2409 quam
996 2326 1031 2388 in
1052 2325 1230 2408 provinciis
1253 2325 1398 2407 Graecis,

280 2425 525 2508 circumscripta
546 2423 666 2487 finibus
689 2445 793 2509 neque
824 2427 919 2489 nimis
948 2425 1024 2488 latis
1052 2447 1157 2518 neque
1179 2426 1274 2490 nimis
1296 2449 1398 2512 angu-

281 2527 355 2606 stis,
379 2547 513 2590 accessu
535 2524 641 2588 facilis
664 2535 697 2588 et
717 2526 899 2590 visentibus
922 2528 1090 2592 commoda
1114 2535 1227 2614 utpote
1249 2530 1398 2594 omnibus

281 2627 513 2712 peregrinandi
535 2625 740 2691 adminiculis
755 2629 876 2712 optime
889 2630 1057 2710 instructa,
1080 2650 1144 2693 non
1167 2627 1398 2717 dubitavimus,

280 2727 364 2794 hanc
392 2729 527 2814 eligere,
556 2730 648 2794 cuius
676 2729 831 2814 inspectis
859 2732 1073 2796 monumentis
1102 2753 1141 2794 ac
1169 2729 1313 2796 collectis
1340 2755 1400 2818 per

282 2830 411 2916 singula
439 2831 559 2917 oppida
586 2830 852 2916 inscriptionibus
881 2840 913 2896 et
935 2832 1103 2897 historiam
1125 2835 1398 2918 perscriberemus

281 2933 495 3019 institutaque
518 2953 753 3019 exponeremus
777 2944 809 2997 et
829 2935 1070 3019 inscriptiones,
1100 2957 1312 3023 quaecunque
1339 2957 1398 3023 pro

281 3035 481 3101 documentis
505 3044 613 3098 essent
635 3034 848 3116 adhibendae,
871 3035 1028 3121 peculiari
1043 3038 1222 3124 appendice
1245 3036 1397 3102 collectas

281 3136 460 3202 ederemus.
505 3137 587 3200 Erat
609 3136 741 3222 quidem
761 3137 841 3201 haec
863 3139 1032 3222 provincia
1060 3140 1120 3204 sub
1148 3137 1397 3223 imperatoribus

280 3246 398 3324 pacata
426 3239 495 3303 sive
522 3237 654 3302 inermis
690 3245 803 3324 utpote
831 3241 999 3305 senatoria
1025 3241 1165 3326 indeque
1197 3261 1261 3304 non
1293 3237 1398 3302 solum

281 3339 414 3406 carebat
435 3338 568 3404 militari
592 3339 649 3403 illo
678 3338 968 3422 administrationis
996 3343 1204 3428 provincialis
1227 3349 1398 3425 apparatu,

281 3443 336 3528 qui
358 3443 393 3505 in
413 3440 655 3526 provinciarum
671 3440 819 3508 Caesaris
842 3444 984 3529 imagine
1006 3456 1072 3510 tam
1092 3445 1252 3528 insignem
1273 3441 1399 3508 obtinet

279 3543 387 3609 locum
409 3552 442 3607 et
466 3552 532 3607 tam
555 3543 657 3608 multa
679 3545 865 3630 suppeditat
886 3554 1107 3624 monumenta,
1137 3543 1192 3608 sed
1221 3544 1319 3607 etiam
1340 3567 1399 3628 per

281 3667 407 3711 omnem
429 3645 499 3709 fere
521 3653 660 3711 aetatem
680 3647 922 3730 imperatoriam
945 3647 1051 3712 aliena
1078 3654 1148 3712 erat
1176 3667 1195 3710 a
1216 3646 1314 3711 rebus
1334 3669 1398 3711 rne-

280 3746 542 3826 morabilioribus
564 3748 599 3811 in
622 3748 699 3812 orbe
723 3748 867 3813 Romano
889 3750 1001 3833 gestis.
1046 3749 1092 3813 At
1120 3757 1152 3812 et
1174 3749 1215 3812 ob
1236 3748 1270 3813 id
1291 3749 1398 3834 ipsum

281 3847 480 3914 commodior’
511 3849 606 3914 nobis
641 3852 711 3914 visa
745 3861 795 3915 est
828 3851 870 3914 ad
903 3851 1144 3936 cognoscendos
1176 3851 1399 3913 institutorum

280 3972 369 4014 mere
390 3948 535 4030 civilium
558 3952 690 4016 effectus
714 3961 748 4016 et
768 3951 921 4016 militaria
940 3953 1078 4016 Romani
1099 3952 1227 4036 imperii
1248 3951 1399 4014 instituta

282 4051 432 4138 bellaque
459 4053 501 4117 ab
534 4054 785 4143 imperatoribus
817 4063 910 4138 gesta
943 4054 1073 4138 saepius
1104 4055 1170 4116 iam
1199 4058 1398 4136 pertractata

283 4161 358 4218 sunt
381 4161 413 4218 et
433 4157 537 4240 magis
560 4157 700 4241 cognita.

367 4257 411 4320 Et
432 4256 578 4322 collectio
601 4259 732 4344 quidem
758 4256 816 4322 illa
844 4254 1053 4340 epigraphioa
1079 4255 1238 4340 quomodo
1260 4255 1303 4319 sit
1324 4277 1398 4322 con·

281 4357 379 4441 fecta,
400 4357 489 4424 infra
508 4361 550 4426 ad
570 4361 677 4444 ipsam
698 4357 909 4444 appendicem
924 4365 1119 4441 exponetur,
1142 4356 1266 4442 reliquo
1289 4365 1398 4422 autem
