3148 5160
315 465 376 525 240
693 463 775 520 PARS
797 463 827 519 ll.
872 463 978 520 curvi
1000 465 1042 520 lll.

313 629 389 689 dicia
421 630 534 708 privata
567 648 601 690 ac
627 629 744 709 publica
773 632 905 709 exceptis
932 631 968 691 iis
997 632 1109 692 caussis
1137 630 1318 700 minoribus,
1354 648 1433 708 quae

312 729 532 808 magistratibus
553 732 716 810 permissae
732 738 817 792 erant
832 731 1069 812 municipalibus.
1102 733 1240 794 Secundo
1255 733 1321 794 loco
1336 752 1433 812 penes

313 831 440 892 eundem
464 839 527 894 erat
549 851 664 894 summa
692 834 862 912 provinciae
885 833 1117 902 administratio,
1146 851 1203 912 qua
1232 833 1431 914 comprehen-

312 933 460 995 debantur
483 941 512 994 et
534 953 586 995 eae
609 953 672 1003 res,
697 951 773 1012 quae
796 934 832 995 ad
855 934 1071 1014 rempublicam
1092 935 1196 1015 populi
1210 935 1337 996 Romani
1359 954 1431 1015 per-

315 1036 448 1096 tinebant
471 1043 500 1097 ct
521 1055 636 1097 summa
659 1039 704 1096 rei
725 1036 914 1116 municipalis
930 1055 1010 1106 curo,
1035 1054 1111 1115 quae
1126 1045 1296 1099 versaretur
1310 1038 1341 1097 in
1357 1056 1430 1098 con-

311 1136 456 1198 servando
479 1156 515 1198 eo
538 1137 723 1216 singulorum
746 1140 977 1218 municipiorum
1005 1146 1097 1210 statu,
1118 1139 1186 1217 'quo
1212 1157 1302 1218 pares
1330 1145 1432 1199 essent

311 1239 492 1300 sustinendis
522 1240 664 1300 oneribus
692 1240 827 1319 publicis.
879 1240 992 1302 Deinde
1019 1241 1098 1321 quod
1126 1242 1157 1301 in
1184 1242 1335 1321 provincia
1365 1249 1432 1300 erat

309 1340 491 1420 praesidium
519 1341 662 1412 militare,
691 1344 819 1421 imperio
846 1342 971 1422 parebat
996 1342 1202 1422 proconsulis,
1230 1359 1329 1419 neque
1358 1357 1431 1402 vero

310 1442 345 1502 ad
368 1442 398 1502 id
421 1443 588 1520 augendum
612 1443 759 1503 delectum
782 1441 892 1505 babere
914 1442 985 1505 huic
1004 1444 1122 1506 licebat.

393 1544 427 1605 ln
449 1542 497 1604 bis
520 1547 645 1622 negotiis
668 1543 805 1604 omnibus
827 1544 962 1606 adiutore
985 1547 1124 1607 utebatur
1145 1544 1308 1625 proconsul
1331 1544 1430 1622 legato

308 1664 365 1723 pro
386 1652 540 1725 praetore,
565 1629 696 1726 exceptis
718 1645 846 1725 publicis
868 1647 985 1707 iudiciis
1007 1655 1095 1725 atque
1118 1647 1326 1725 legisaotione,
1350 1663 1431 1724 quae

308 1745 405 1824 legato
427 1766 487 1808 uon
510 1747 705 1827 competebat.
752 1748 783 1808 ln
806 1750 844 1809 iis
867 1755 967 1810 autem
989 1749 1095 1818 rebus,
1125 1767 1200 1827 quac
1222 1747 1319 1826 legato
1342 1767 1428 1808 man·

309 1847 374 1910 data
398 1855 482 1917 snnt,
507 1867 566 1909 nou
588 1851 743 1929 princeps,
768 1850 819 1910 sed
842 1851 1004 1929 proconsul
1027 1851 1115 1911 abeo
1138 1857 1201 1910 erat
1216 1849 1429 1920 consulendus

308 1957 397 2028 atque
419 1957 451 2010 ut
474 1953 595 2011 omnino
618 1951 690 2011 nibil
712 1935 869 2031 proprium
884 1951 1012 2013 habebat
1027 1952 1150 2030 legatus,
1175 1951 1227 2012 sed
1241 1951 1430 2012 fiduciariam

307 2059 421 2114 tantum
444 2052 598 2112 obtinebat
620 2049 803 2132 operemff’),
831 2056 872 2114 ita
901 2065 1096 2132 quaecunque
1125 2055 1209 2114 iussu
1236 2053 1430 2133 proconsulis

306 2153 444 2225 iaciebat,
468 2156 532 2234 ipse
555 2155 717 2233 proconsul
739 2155 846 2216 iecisse
868 2155 1039 2235 putabatur.

392 2273 565 2344 Quaesieris
588 2273 716 2334 officium
741 2280 804 2334 erat
826 2273 1041 2334 administratio
1064 2273 1208 2352 pecuniae
1230 2273 1370 2352 publicae
1393 2293 1429 2334 ac

307 2374 440 2435 custodia
469 2392 555 2435 arcae
582 2375 718 2454 publicae
746 2375 950 2454 provincialis,
979 2377 1080 2453 itaque
1109 2377 1174 2436 eius
1202 2383 1281 2444 erat,
1310 2374 1429 2436 reditus

204 2473 216 2496 “
305 2476 475 2554 provinciae
499 2478 648 2556 accipere,
671 2478 844 2556 pecuniam,
870 2473 945 2554 quae
968 2478 999 2536 in
1020 2475 1157 2555 publicos
1179 2495 1251 2537 usus
1274 2482 1338 2536 erat
1356 2495 1426 2537 ero·

305 2584 387 2656 gata,
411 2577 594 2658 expendere,
623 2580 753 2639 rationes
781 2581 895 2658 accepti
917 2580 1099 2658 expensique
1126 2578 1257 2647 referre,
1288 2594 1365 2655 quae
1389 2597 1425 2638 ex

306 2680 353 2739 sui
375 2680 445 2740 anni
467 2678 722 2740 administratione
738 2679 851 2756 reliqua
875 2686 972 2750 erant,
996 2681 1027 2740 in
1042 2681 1190 2741 aerarium
1206 2679 1329 2739 Saturni
1344 2679 1426 2756 quod

305 2780 416 2842 Romae
440 2788 503 2841 erat
525 2779 652 2842 delerre.

389 2900 483 2971 Quem
507 2900 645 2978 exiguum
669 2901 893 2976 magistratuum
910 2889 1130 2960 ordinariorum
1152 2918 1313 2961 nnmerum
1335 2900 1427 2961 facile

303 3001 457 3078 intellegas
481 3019 577 3078 neque
599 3003 731 3080 potuisse
748 3004 935 3079 negotiorum
951 3001 1170 3062 multitudinem
1185 3003 1310 3080 propria
1330 3021 1426 3067 manu

303 3111 445 3172 tractare,
471 3121 567 3182 neque
591 3122 656 3164 cum
679 3105 769 3163 annui
791 3109 903 3163 tantum
928 3109 1041 3172 esseut,
1066 3121 1168 3163 carere
1190 3104 1325 3181 potuisse
1347 3104 1393 3164 inl
1411 3138 1425 3148 -

302 3205 392 3266 rioris
407 3204 517 3282 gradus
535 3204 733 3273 adiutoribus,
753 3207 879 3281 quinon
898 3223 994 3264 annua
1012 3206 1075 3264 vice
1092 3205 1189 3264 ol'dcio
1201 3203 1350 3274 adstricti,
1369 3205 1425 3265 sed

302 3305 446 3383 longioris
469 3308 611 3384 temporis
635 3325 690 3366 usu
712 3307 900 3382 negotiorum
927 3307 1016 3386 periti
1044 3305 1157 3383 singula
1188 3314 1423 3382 exequerentur.

302 3406 340 3466 Hi
362 3414 432 3466 sunt
454 3405 497 3466 illi
525 3425 705 3475 assessores,
734 3425 862 3486 quorum
891 3407 1021 3467 officium
1049 3413 1187 3467 constare
1215 3404 1287 3466 dicit
1309 3406 1424 3468 Paulus

301 3510 332 3567 in
356 3508 588 3586 cognitionibus,
612 3508 874 3588 postulationibus,
899 3507 1022 3576 libellis,
1048 3508 1166 3578 edictis,
1190 3507 1332 3576 decretis,
1358 3511 1423 3586 epi-

302 3608 396 3670 stulis
441 3609 579 3670 Assidere
608 3617 705 3670 autem
733 3616 872 3690 poteraut
899 3616 974 3670 teste
996 3609 1144 3670 Marciano
1172 3628 1232 3670 non
1256 3608 1352 3669 solum
1374 3611 1422 3670 in·

301 3712 404 3789 genui,
428 3711 480 3771 sed
504 3713 591 3784 etiam
614 3710 721 3772 liberti.

386 3830 518 3908 [lectique
540 3836 660 3908 praeter
682 3829 802 3890 lictores
825 3832 913 3890 etiam
930 3829 1043 3890 scribas
1059 3829 1197 3905 variaque
1213 3829 1423 3908 apparitorum

300 3949 410 4009 genera
432 3937 552 4010 praesto
575 3931 667 3992 luisse
685 3931 861 4010 proconsuli
887 3931 1069 4010 reliquisque
1096 3915 1332 4008 magistratibus,
1362 3949 1423 4009 per

300 4051 333 4092 se
354 4031 550 4110 intellegitur,
575 4048 698 4109 eamque
726 4031 857 4094 cohortis
879 4033 1046 4112 praetoriae
1067 4038 1184 4111 partem
1206 4031 1327 4092 divisam
1351 4049 1423 4092 esse

295 4382 297 4387 Ι
369 4319 412 4385 16)
433 4319 512 4371 Caes.
531 4320 563 4370 de
581 4319 656 4370 bello
675 4319 825 4382 civ.2,17:
844 4335 924 4386 neque
941 4335 969 4370 se
987 4322 1123 4386 ignorare,
1143 4321 1211 4385 quod
1227 4326 1295 4370 esset
1306 4319 1424 4382 officium

300 4407 389 4470 legati,
408 4405 451 4469 qui
464 4405 624 4466 fiduciariam
642 4420 746 4470 operum
763 4405 898 4457 obtineret.
